4384 5817
1309 518 1666 590 GENTIS
1713 516 2275 601 scoToRUM,
2320 518 2501 587 LIB.
2544 521 2600 588 1.
3278 522 3362 585 21

659 710 966 804 Scripsit
997 709 1394 793 Adrianus,
1429 720 1516 781 ut
1547 730 1640 781 cx
1671 708 2203 781 Scotichronico
2234 710 2465 802 liquet
2494 710 2618 784 lib.
2656 726 2771 783 Π.
2806 732 2961 804 cap.
2998 728 3180 791 vm.

856 825 970 897 De
1001 824 1430 897 Constantia
1460 824 1876 897 Christiana
2341 825 2465 897 lib.
2504 842 2557 897 1.

857 940 971 1012 De
1007 940 1444 1013 Humilitate
1477 940 1569 1010 ad
1604 938 2002 1010 Monachus
2350 939 2475 1011 lib.
2513 958 2569 1013 1.

852 1055 1470 1128 Commentarium
1501 1056 1581 1126 in
1615 1054 2026 1146 Scripturas
2346 1055 2471 1127 lib.
2510 1072 2564 1125 1.

659 1172 1102 1264 Martyrium
1133 1192 1388 1261 passus
1421 1178 1554 1253 est,
1590 1169 1968 1263 Hungaro,
2003 1166 2297 1252 Hubba,
2330 1177 2406 1240 et
2438 1169 2739 1242 Gadano
2769 1170 3003 1245 Danis
3036 1172 3356 1247 Scotiam

556 1290 874 1360 violento
895 1286 1174 1377 impetu
1196 1285 1724 1369 invadentibus,
1753 1284 1846 1356 ad
1869 1282 2343 1355 ulciscendam
2372 1283 2743 1358 Pictorum
2770 1288 3137 1382 injuriam,
3165 1290 3359 1383 quod

558 1401 865 1497 contigit
895 1422 1086 1471 anno
1119 1415 1630 1471 DcchXXW.
1732 1398 2028 1494 Anglici
2062 1406 2137 1471 et
2167 1396 2434 1471 Scotici
2464 1398 2809 1474 Annales.
2919 1403 3201 1477 Colitur
3244 1402 3360 1475 die

559 1536 676 1593 ιν.
709 1514 986 1600 Martii,
1022 1532 1075 1587 1.
1108 1511 1410 1608 Aprilis,
1445 1532 1535 1587 11.
1569 1511 1914 1611 Augusti.

971 1743 1463 1817 ANONYMI
1511 1744 1588 1817 S.
1640 1743 2213 1817 MARTYRES
2262 1762 2389 1820 ms
2424 1764 2727 1823 munz.
2834 1754 2953 1821 18.

561 1979 746 2052 Duo
841 1977 1072 2048 millia
1167 1974 1598 2049 Sanctorum
1695 1998 2221 2071 anonymorum
2319 1979 2707 2074 gloriosam
2798 2002 2933 2073 pro
3014 1980 3361 2079 religione

563 2094 978 2167 Christiana
1041 2092 1461 2165 sustinenda
1521 2102 1828 2163 mortem
1893 2092 2375 2183 oppetierunt,
2452 2101 2537 2165 ut
2606 2116 2697 2167 ex
2760 2095 3103 2169 relatione
3173 2094 3362 2168 Hec-

560 2210 742 2281 toris
807 2206 1100 2279 Boethii
1155 2214 1459 2292 constat,
1517 2205 1728 2299 cujus
1787 2205 2010 2277 verba
2073 2208 2403 2298 superius
2468 2210 2777 2281 adducta
2840 2209 2923 2281 in
2986 2209 3061 2281 S.
3122 2206 3362 2282 Adri-

560 2344 706 2395 ano
724 2350 750 2394 .·
810 2323 1004 2395 hunc
1073 2344 1454 2395 numerum
1521 2321 1755 2414 reperi
1826 2342 1918 2393 ex
1981 2322 2537 2395 revelationibus
2596 2322 2671 2395 S.
2732 2324 3110 2397 Lesmonis
3168 2327 3362 2418 apud

563 2438 1010 2511 Richardum
1083 2436 1444 2511 Brunum.
1523 2435 1731 2509 Pessi
1805 2445 1980 2509 sunt
2047 2458 2240 2509 anno
2318 2454 2827 2511 ncchxxIV.
2913 2450 2987 2511 et
3050 2441 3365 2536 gloriosa

565 2554 1024 2625 veneratione
1117 2553 1464 2645 reliquiae
1553 2551 1842 2625 illorum
1926 2553 2347 2627 colebantur
2428 2554 2509 2625 in
2590 2556 2847 2627 celebri
2930 2555 3366 2629 monasterio

565 2670 844 2741 insulae
875 2669 1114 2741 Maiae
1159 2670 1240 2740 in
1283 2666 1600 2741 Forthae
1644 2668 2025 2752 aestuario,
2071 2669 2267 2761 quod
2313 2668 2559 2743 Fifam
2602 2692 2665 2741 a.
2691 2669 3069 2745 Laudonia
3112 2671 3363 2745 dister-

563 2784 816 2856 minat.

1366 3016 1442 3089 S.
1491 3016 1666 3091 VII.
1712 3012 2336 3089 ANONYMAE.
2443 3018 2561 3093 19.

565 3249 642 3323 S.
693 3249 1228 3321 DoNEvALDo
1277 3246 1490 3319 Scoto
1537 3246 1726 3319 filiae
1773 3269 2034 3320 novem
2075 3246 2301 3319 fuisse
2354 3246 2847 3341 perhibentur,
2908 3270 3153 3323 omnes
3215 3247 3363 3319 vir-

565 3363 894 3461 ginitatis
959 3362 1192 3458 gloria
1253 3361 1621 3447 illustrem
1699 3371 1774 3436 et
1825 3364 1910 3435 in
1964 3362 2301 3434 divorum
2358 3365 2623 3435 relatae
2680 3386 3084 3448 numerum,
3144 3364 3361 3435 mira-

569 3481 748 3551 culis
795 3482 1210 3551 claruerunt
1255 3478 1442 3549 duae
1491 3478 1820 3573 majores,
1871 3476 2166 3549 Maaota
2187 3534 2190 3539 .
2214 3487 2291 3552 et
2332 3478 2697 3563 Fincana3
2743 3480 3185 3573 reliquarum
3233 3499 3361 3550 no-

565 3598 766 3667 mina
793 3594 1334 3666 interciderunt.
1413 3591 1602 3666 Vide
1633 3614 1817 3685 quae
1859 3591 2020 3665 fuse
2063 3594 2217 3665 dixi
2262 3593 2389 3667 lib.
2427 3610 2538 3665 IV.
2572 3595 2711 3667 hoc
2742 3616 2952 3687 opere
2984 3595 3062 3666 in
3109 3589 3359 3665 Done-

665 3824 1106 3897 Floruerunt
1137 3844 1326 3895 anno
1361 3838 1700 3895 Dccxvl.
1747 3768 2162 3897 colebantur
2202 3824 2545 3917 reliquiae
2590 3848 2735 3897 non
2766 3828 2979 3921 longe
3010 3822 3360 3900 Alberne-

569 3940 718 4025 tho,
752 3940 952 4036 regia
984 3937 1358 4011 Pictorum
1387 3938 1470 4010 in
1499 3937 1690 4010 Fifa.

1416 4166 1490 4240 S.
1541 4166 2136 4243 ANONYMAE
2187 4170 2293 4245 11.
2332 4228 2341 4238 .
2394 4176 2515 4245 20.

567 4402 960 4475 Saxc‘ran
1023 4400 1232 4485 duae,
1307 4401 1878 4495 peregrinatione
1950 4402 2042 4472 ad
2115 4404 2271 4475 loca
2345 4410 2593 4474 sancta
2664 4413 3015 4497 suscepta,
3097 4402 3357 4477 fratres

567 4540 736 4591 suos
807 4525 1092 4590 sanctos
1171 4514 1632 4588 Gunifortem
1705 4524 1780 4586 et
1853 4512 2341 4589 Gunibaldum
2416 4526 2719 4603 secutae,
2814 4519 2892 4589 in
2975 4516 3363 4591 Germania

567 4633 952 4705 crudeliter
997 4632 1285 4703 occisae.
1385 4630 1699 4703 sacobus
1757 4631 2110 4705 Guaullus
2158 4634 2242 4703 in
2288 4632 2713 4705 Sanctuario
2762 4632 3075 4727 Papiae:
3134 4642 3180 4676 ‘⁸
3230 4630 3358 4705 So-

569 4770 788 4833 rores,
839 4769 1102 4845 genere
1149 4756 1366 4843 atque
1413 4746 1652 4821 forma
1691 4748 2071 4842 speciosae,
2115 4748 2573 4843 speciosiores
2614 4747 2753 4821 fide
2796 4757 2873 4822 et
2915 4748 3355 4845 virginitatis
