<?xml version="1.0" encoding="UTF-8"?>
<!DOCTYPE html PUBLIC "-//W3C//DTD XHTML 1.0 Transitional//EN"
    "http://www.w3.org/TR/xhtml1/DTD/xhtml1-transitional.dtd">
<html xmlns="http://www.w3.org/1999/xhtml" xml:lang="en" lang="en">
 <head>
  <title>
</title>
<meta http-equiv="Content-Type" content="text/html;charset=utf-8" />
  <meta name='ocr-system' content='tesseract 3.04.00' />
  <meta name='ocr-capabilities' content='ocr_page ocr_carea ocr_par ocr_line ocrx_word'/>
</head>
<body>
  <div class='ocr_page' id='page_1' title='image "./thomaedempsteri00unkngoog_0185.png"; bbox 0 0 4384 5817; ppageno 0'>
   <div class='ocr_carea' id='block_1_1' title="bbox 1037 583 3061 660">
    <p class='ocr_par' dir='ltr' id='par_1_1' title="bbox 1037 583 3061 660">
     <span class='ocr_line' id='line_1_1' title="bbox 1037 583 3061 660; baseline -0 -6"><span class='ocrx_word' id='word_1_1' title='bbox 1037 591 1170 654; x_wconf 70' lang='lat'><strong>120</strong></span> <span class='ocrx_word' id='word_1_2' title='bbox 1797 585 2265 660; x_wconf 79' lang='lat' dir='ltr'><strong>HISTORIA</strong></span> <span class='ocrx_word' id='word_1_3' title='bbox 2310 583 3061 657; x_wconf 78' lang='lat' dir='ltr'><strong>EchESIAs&#39;rch</strong></span> 
     </span>
    </p>
   </div>
   <div class='ocr_carea' id='block_1_2' title="bbox 1049 770 3563 876">
    <p class='ocr_par' dir='ltr' id='par_1_2' title="bbox 1049 770 3563 876">
     <span class='ocr_line' id='line_1_2' title="bbox 1049 770 3563 876; baseline -0.003 -24"><span class='ocrx_word' id='word_1_4' title='bbox 1049 781 1396 852; x_wconf 84' lang='lat' dir='ltr'><strong>bellorum</strong></span> <span class='ocrx_word' id='word_1_5' title='bbox 1429 780 1832 874; x_wconf 86' lang='lat' dir='ltr'><strong>supplicum</strong></span> <span class='ocrx_word' id='word_1_6' title='bbox 1862 779 2097 876; x_wconf 88' lang='lat' dir='ltr'><strong>elogio</strong></span> <span class='ocrx_word' id='word_1_7' title='bbox 2127 775 2517 850; x_wconf 87' lang='lat' dir='ltr'><strong>honorifico</strong></span> <span class='ocrx_word' id='word_1_8' title='bbox 2550 786 2661 851; x_wconf 88' lang='lat' dir='ltr'><strong>est</strong></span> <span class='ocrx_word' id='word_1_9' title='bbox 2690 776 3021 850; x_wconf 81' lang='lat' dir='ltr'><strong>donatus.</strong></span> <span class='ocrx_word' id='word_1_10' title='bbox 3125 770 3315 870; x_wconf 80' lang='lat' dir='ltr'><strong>Ejus</strong></span> <span class='ocrx_word' id='word_1_11' title='bbox 3348 784 3563 848; x_wconf 83' lang='lat' dir='ltr'><strong>sunt:</strong></span> 
     </span>
    </p>
   </div>
   <div class='ocr_carea' id='block_1_3' title="bbox 1349 889 3259 1197">
    <p class='ocr_par' dir='ltr' id='par_1_3' title="bbox 1349 889 3259 1197">
     <span class='ocr_line' id='line_1_3' title="bbox 1352 889 3258 988; baseline -0.002 -24"><span class='ocrx_word' id='word_1_12' title='bbox 1352 893 1692 988; x_wconf 83' lang='lat' dir='ltr'><strong>Princeps</strong></span> <span class='ocrx_word' id='word_1_13' title='bbox 1725 893 2094 968; x_wconf 81' lang='lat' dir='ltr'><strong>Ciceronis</strong></span> <span class='ocrx_word' id='word_1_14' title='bbox 3040 889 3167 962; x_wconf 90' lang='lat' dir='ltr'><strong>lib.</strong></span> <span class='ocrx_word' id='word_1_15' title='bbox 3204 908 3258 962; x_wconf 87' lang='lat'><strong>1.</strong></span> 
     </span>
     <span class='ocr_line' id='line_1_4' title="bbox 1349 1004 3258 1102; baseline -0.001 -22"><span class='ocrx_word' id='word_1_16' title='bbox 1349 1007 1616 1081; x_wconf 84' lang='lat' dir='ltr'><strong>Orator</strong></span> <span class='ocrx_word' id='word_1_17' title='bbox 1648 1007 2016 1082; x_wconf 80' lang='lat' dir='ltr'>Ciceronis</span> <span class='ocrx_word' id='word_1_18' title='bbox 2352 1095 2361 1102; x_wconf 32' lang='grc' dir='ltr'>Ι</span> <span class='ocrx_word' id='word_1_19' title='bbox 3040 1004 3165 1078; x_wconf 87' lang='lat' dir='ltr'><strong>lib.</strong></span> <span class='ocrx_word' id='word_1_20' title='bbox 3204 1023 3258 1078; x_wconf 85' lang='lat'><strong>1.</strong></span> 
     </span>
     <span class='ocr_line' id='line_1_5' title="bbox 1353 1120 3259 1197; baseline -0.002 -3"><span class='ocrx_word' id='word_1_21' title='bbox 1353 1123 1657 1196; x_wconf 84' lang='lat' dir='ltr'><strong>Senator</strong></span> <span class='ocrx_word' id='word_1_22' title='bbox 1688 1122 2053 1197; x_wconf 76' lang='lat' dir='ltr'><strong>Ciceronis</strong></span> <span class='ocrx_word' id='word_1_23' title='bbox 3042 1120 3167 1194; x_wconf 87' lang='lat' dir='ltr'><strong>lib.</strong></span> <span class='ocrx_word' id='word_1_24' title='bbox 3206 1137 3259 1192; x_wconf 89' lang='lat'><strong>1.</strong></span> 
     </span>
    </p>
   </div>
   <div class='ocr_carea' id='block_1_4' title="bbox 1159 1235 3259 1446">
    <p class='ocr_par' dir='ltr' id='par_1_4' title="bbox 1159 1235 3259 1446">
     <span class='ocr_line' id='line_1_6' title="bbox 1352 1235 3259 1332; baseline -0.002 -22"><span class='ocrx_word' id='word_1_25' title='bbox 1352 1235 1444 1310; x_wconf 91' lang='lat' dir='ltr'><strong>In</strong></span> <span class='ocrx_word' id='word_1_26' title='bbox 1479 1239 1722 1311; x_wconf 88' lang='lat' dir='ltr'><strong>omnia</strong></span> <span class='ocrx_word' id='word_1_27' title='bbox 1753 1237 2118 1312; x_wconf 85' lang='lat' dir='ltr'><strong>Ciceronis</strong></span> <span class='ocrx_word' id='word_1_28' title='bbox 2153 1237 2397 1332; x_wconf 88' lang='lat' dir='ltr'><strong>Opera</strong></span> <span class='ocrx_word' id='word_1_29' title='bbox 2430 1236 2990 1312; x_wconf 81' lang='lat' dir='ltr'><strong>Observationes</strong></span> <span class='ocrx_word' id='word_1_30' title='bbox 3040 1235 3187 1308; x_wconf 75' lang='lat' dir='ltr'><strong>lib.</strong></span> <span class='ocrx_word' id='word_1_31' title='bbox 3204 1251 3259 1310; x_wconf 86' lang='lat'><strong>1.</strong></span> 
     </span>
     <span class='ocr_line' id='line_1_7' title="bbox 1159 1351 2731 1446; baseline -0.003 -20"><span class='ocrx_word' id='word_1_32' title='bbox 1159 1351 1370 1426; x_wconf 86' lang='lat' dir='ltr'><strong>Vivit</strong></span> <span class='ocrx_word' id='word_1_33' title='bbox 1401 1352 1636 1427; x_wconf 89' lang='lat' dir='ltr'><strong>adhuc</strong></span> <span class='ocrx_word' id='word_1_34' title='bbox 1668 1353 2026 1440; x_wconf 81' lang='lat' dir='ltr'><strong>Lutetiae,</strong></span> <span class='ocrx_word' id='word_1_35' title='bbox 2059 1363 2133 1426; x_wconf 90' lang='lat' dir='ltr'><strong>et</strong></span> <span class='ocrx_word' id='word_1_36' title='bbox 2165 1355 2381 1446; x_wconf 85' lang='lat' dir='ltr'><strong>plura</strong></span> <span class='ocrx_word' id='word_1_37' title='bbox 2412 1354 2731 1426; x_wconf 86' lang='lat' dir='ltr'><strong>molitur.</strong></span> 
     </span>
    </p>
   </div>
   <div class='ocr_carea' id='block_1_5' title="bbox 1673 1577 3250 1658">
    <p class='ocr_par' dir='ltr' id='par_1_5' title="bbox 1673 1577 3250 1658">
     <span class='ocr_line' id='line_1_8' title="bbox 1673 1577 3250 1658; baseline -0.002 -1"><span class='ocrx_word' id='word_1_38' title='bbox 1673 1582 2321 1658; x_wconf 85' lang='lat' dir='ltr'><strong>GUILIELMUS</strong></span> <span class='ocrx_word' id='word_1_39' title='bbox 2370 1577 2977 1656; x_wconf 83' lang='lat' dir='ltr'><strong>BARCLAIUS.</strong></span> <span class='ocrx_word' id='word_1_40' title='bbox 3082 1585 3250 1655; x_wconf 78' lang='lat'><strong>211.</strong></span> 
     </span>
    </p>
   </div>
   <div class='ocr_carea' id='block_1_6' title="bbox 1057 1797 3859 3062">
    <p class='ocr_par' dir='ltr' id='par_1_6' title="bbox 1057 1797 3859 3062">
     <span class='ocr_line' id='line_1_9' title="bbox 1059 1797 3857 1901; baseline -0.003 -9"><span class='ocrx_word' id='word_1_41' title='bbox 1059 1821 1598 1892; x_wconf 75' lang='lat' dir='ltr'><strong>Gmmnmms</strong></span> <span class='ocrx_word' id='word_1_42' title='bbox 1631 1815 2028 1901; x_wconf 81' lang='lat' dir='ltr'><strong>Barclaius,</strong></span> <span class='ocrx_word' id='word_1_43' title='bbox 2064 1816 2509 1890; x_wconf 79' lang='lat' dir='ltr'><strong>nobilissimo</strong></span> <span class='ocrx_word' id='word_1_44' title='bbox 2538 1817 2695 1888; x_wconf 84' lang='lat' dir='ltr'><strong>loco</strong></span> <span class='ocrx_word' id='word_1_45' title='bbox 2726 1823 2953 1900; x_wconf 80' lang='lat' dir='ltr'><strong>ortus,</strong></span> <span class='ocrx_word' id='word_1_46' title='bbox 2988 1813 3277 1888; x_wconf 81' lang='lat' dir='ltr'><strong>baronis</strong></span> <span class='ocrx_word' id='word_1_47' title='bbox 3320 1797 3561 1884; x_wconf 77' lang='lat' dir='ltr'><strong>Tauvi</strong></span> <span class='ocrx_word' id='word_1_48' title='bbox 3614 1810 3857 1894; x_wconf 84' lang='lat' dir='ltr'><strong>frater,</strong></span> 
     </span>
     <span class='ocr_line' id='line_1_10' title="bbox 1057 1925 3849 2030; baseline -0.003 -23"><span class='ocrx_word' id='word_1_49' title='bbox 1057 1934 1340 2030; x_wconf 88' lang='lat' dir='ltr'><strong>generis</strong></span> <span class='ocrx_word' id='word_1_50' title='bbox 1371 1931 1948 2028; x_wconf 77' lang='lat' dir='ltr'><strong>magnitudinem</strong></span> <span class='ocrx_word' id='word_1_51' title='bbox 1978 1931 2251 2028; x_wconf 87' lang='lat' dir='ltr'><strong>ingenii</strong></span> <span class='ocrx_word' id='word_1_52' title='bbox 2284 1929 2625 2004; x_wconf 79' lang='lat' dir='ltr'><strong>felicitate</strong></span> <span class='ocrx_word' id='word_1_53' title='bbox 2656 1929 3031 2022; x_wconf 75' lang='lat' dir='ltr'><strong>depressit.</strong></span> <span class='ocrx_word' id='word_1_54' title='bbox 3138 1927 3437 2000; x_wconf 81' lang='lat' dir='ltr'><strong>Parisiis</strong></span> <span class='ocrx_word' id='word_1_55' title='bbox 3478 1925 3849 2000; x_wconf 87' lang='lat' dir='ltr'><strong>humanio-</strong></span> 
     </span>
     <span class='ocr_line' id='line_1_11' title="bbox 1057 2042 3855 2142; baseline -0.002 -22"><span class='ocrx_word' id='word_1_56' title='bbox 1057 2071 1174 2120; x_wconf 85' lang='lat' dir='ltr'><strong>res</strong></span> <span class='ocrx_word' id='word_1_57' title='bbox 1205 2048 1452 2120; x_wconf 84' lang='lat' dir='ltr'><strong>literas</strong></span> <span class='ocrx_word' id='word_1_58' title='bbox 1483 2067 1648 2118; x_wconf 87' lang='lat' dir='ltr'><strong>cum</strong></span> <span class='ocrx_word' id='word_1_59' title='bbox 1679 2045 1958 2142; x_wconf 81' lang='lat' dir='ltr'><strong>ingenti</strong></span> <span class='ocrx_word' id='word_1_60' title='bbox 1989 2046 2315 2118; x_wconf 89' lang='lat' dir='ltr'><strong>omnium</strong></span> <span class='ocrx_word' id='word_1_61' title='bbox 2368 2045 2839 2118; x_wconf 74' lang='lat' dir='ltr'><strong>admiratione</strong></span> <span class='ocrx_word' id='word_1_62' title='bbox 2888 2042 3255 2137; x_wconf 83' lang='lat' dir='ltr'><strong>professus</strong></span> <span class='ocrx_word' id='word_1_63' title='bbox 3302 2052 3437 2127; x_wconf 85' lang='lat' dir='ltr'><strong>est,</strong></span> <span class='ocrx_word' id='word_1_64' title='bbox 3485 2063 3665 2136; x_wconf 86' lang='lat' dir='ltr'><strong>quas</strong></span> <span class='ocrx_word' id='word_1_65' title='bbox 3719 2042 3855 2114; x_wconf 90' lang='lat' dir='ltr'><strong>Lo—</strong></span> 
     </span>
     <span class='ocr_line' id='line_1_12' title="bbox 1057 2157 3854 2256; baseline -0.003 -22"><span class='ocrx_word' id='word_1_66' title='bbox 1057 2163 1256 2236; x_wconf 81' lang='lat' dir='ltr'><strong>vanii</strong></span> <span class='ocrx_word' id='word_1_67' title='bbox 1315 2162 1396 2234; x_wconf 87' lang='lat' dir='ltr'><strong>in</strong></span> <span class='ocrx_word' id='word_1_68' title='bbox 1453 2159 1696 2234; x_wconf 85' lang='lat' dir='ltr'><strong>schola</strong></span> <span class='ocrx_word' id='word_1_69' title='bbox 1754 2159 1990 2254; x_wconf 85' lang='lat' dir='ltr'><strong>Lipsii</strong></span> <span class='ocrx_word' id='word_1_70' title='bbox 2037 2161 2407 2246; x_wconf 76' lang='lat' dir='ltr'><strong>didicerat,</strong></span> <span class='ocrx_word' id='word_1_71' title='bbox 2456 2160 2665 2256; x_wconf 73' lang='lat' dir='ltr'><strong>quus</strong></span> <span class='ocrx_word' id='word_1_72' title='bbox 2724 2160 2816 2232; x_wconf 90' lang='lat' dir='ltr'><strong>ad</strong></span> <span class='ocrx_word' id='word_1_73' title='bbox 2876 2181 3043 2232; x_wconf 88' lang='lat' dir='ltr'><strong>eum</strong></span> <span class='ocrx_word' id='word_1_74' title='bbox 3102 2168 3213 2232; x_wconf 90' lang='lat' dir='ltr'><strong>est</strong></span> <span class='ocrx_word' id='word_1_75' title='bbox 3272 2157 3483 2252; x_wconf 87' lang='lat' dir='ltr'><strong>epist.</strong></span> <span class='ocrx_word' id='word_1_76' title='bbox 3544 2173 3854 2228; x_wconf 74' lang='lat' dir='ltr'><strong>xxxin.</strong></span> 
     </span>
     <span class='ocr_line' id='line_1_13' title="bbox 1064 2272 3858 2368; baseline -0.002 -18"><span class='ocrx_word' id='word_1_77' title='bbox 1064 2289 1338 2352; x_wconf 83' lang='lat' dir='ltr'><strong>centur.</strong></span> <span class='ocrx_word' id='word_1_78' title='bbox 1392 2294 1515 2350; x_wconf 89' lang='lat'><strong>111.</strong></span> <span class='ocrx_word' id='word_1_79' title='bbox 1618 2274 1798 2349; x_wconf 88' lang='lat' dir='ltr'><strong>Inde</strong></span> <span class='ocrx_word' id='word_1_80' title='bbox 1845 2275 1925 2346; x_wconf 89' lang='lat' dir='ltr'><strong>in</strong></span> <span class='ocrx_word' id='word_1_81' title='bbox 1957 2273 2271 2348; x_wconf 87' lang='lat' dir='ltr'><strong>Scotiam</strong></span> <span class='ocrx_word' id='word_1_82' title='bbox 2304 2275 2667 2368; x_wconf 85' lang='lat' dir='ltr'><strong>profectus</strong></span> <span class='ocrx_word' id='word_1_83' title='bbox 2702 2274 3223 2368; x_wconf 75' lang='lat' dir='ltr'><strong>aliquantisper</strong></span> <span class='ocrx_word' id='word_1_84' title='bbox 3252 2272 3603 2356; x_wconf 86' lang='lat' dir='ltr'><strong>substitit,</strong></span> <span class='ocrx_word' id='word_1_85' title='bbox 3637 2273 3858 2344; x_wconf 83' lang='lat' dir='ltr'><strong>donec</strong></span> 
     </span>
     <span class='ocr_line' id='line_1_14' title="bbox 1058 2389 3857 2486; baseline -0.004 -20"><span class='ocrx_word' id='word_1_86' title='bbox 1058 2392 1378 2466; x_wconf 86' lang='lat' dir='ltr'><strong>ministri</strong></span> <span class='ocrx_word' id='word_1_87' title='bbox 1407 2391 1516 2464; x_wconf 84' lang='lat' dir='ltr'><strong>iili</strong></span> <span class='ocrx_word' id='word_1_88' title='bbox 1549 2390 1912 2465; x_wconf 82' lang='lat' dir='ltr'><strong>Satbanae</strong></span> <span class='ocrx_word' id='word_1_89' title='bbox 1957 2412 2225 2486; x_wconf 85' lang='lat' dir='ltr'><strong>magna</strong></span> <span class='ocrx_word' id='word_1_90' title='bbox 2272 2413 2439 2464; x_wconf 85' lang='lat' dir='ltr'><strong>eum</strong></span> <span class='ocrx_word' id='word_1_91' title='bbox 2488 2391 2819 2464; x_wconf 79' lang='lat' dir='ltr'><strong>molestia</strong></span> <span class='ocrx_word' id='word_1_92' title='bbox 2866 2389 3251 2464; x_wconf 85' lang='lat' dir='ltr'><strong>afficientes</strong></span> <span class='ocrx_word' id='word_1_93' title='bbox 3298 2389 3531 2464; x_wconf 88' lang='lat' dir='ltr'><strong>solum</strong></span> <span class='ocrx_word' id='word_1_94' title='bbox 3583 2399 3857 2460; x_wconf 82' lang='lat' dir='ltr'><strong>vertere</strong></span> 
     </span>
     <span class='ocr_line' id='line_1_15' title="bbox 1059 2501 3859 2603; baseline -0.003 -23"><span class='ocrx_word' id='word_1_95' title='bbox 1059 2516 1469 2603; x_wconf 87' lang='lat' dir='ltr'><strong>coegerunt,</strong></span> <span class='ocrx_word' id='word_1_96' title='bbox 1503 2507 1632 2602; x_wconf 86' lang='lat' dir='ltr'><strong>qui</strong></span> <span class='ocrx_word' id='word_1_97' title='bbox 1665 2507 1748 2580; x_wconf 87' lang='lat' dir='ltr'><strong>in</strong></span> <span class='ocrx_word' id='word_1_98' title='bbox 1779 2503 2036 2578; x_wconf 85' lang='lat' dir='ltr'><strong>Galliis</strong></span> <span class='ocrx_word' id='word_1_99' title='bbox 2071 2505 2337 2580; x_wconf 84' lang='lat' dir='ltr'><strong>iterum</strong></span> <span class='ocrx_word' id='word_1_100' title='bbox 2388 2506 2642 2580; x_wconf 86' lang='lat' dir='ltr'><strong>docere</strong></span> <span class='ocrx_word' id='word_1_101' title='bbox 2681 2504 2907 2578; x_wconf 85' lang='lat' dir='ltr'><strong>bonas</strong></span> <span class='ocrx_word' id='word_1_102' title='bbox 2942 2513 3133 2580; x_wconf 83' lang='lat' dir='ltr'><strong>artes</strong></span> <span class='ocrx_word' id='word_1_103' title='bbox 3166 2503 3514 2578; x_wconf 75' lang='lat' dir='ltr'><strong>mstinuit</strong></span> <span class='ocrx_word' id='word_1_104' title='bbox 3548 2501 3859 2574; x_wconf 83' lang='lat' dir='ltr'><strong>Nanneti</strong></span> 
     </span>
     <span class='ocr_line' id='line_1_16' title="bbox 1061 2620 1904 2696; baseline -0.002 0"><span class='ocrx_word' id='word_1_105' title='bbox 1061 2626 1141 2696; x_wconf 87' lang='lat' dir='ltr'><strong>in</strong></span> <span class='ocrx_word' id='word_1_106' title='bbox 1173 2622 1561 2696; x_wconf 81' lang='lat' dir='ltr'><strong>Britannia</strong></span> <span class='ocrx_word' id='word_1_107' title='bbox 1596 2620 1904 2694; x_wconf 88' lang='lat' dir='ltr'><strong>Minore.</strong></span> 
     </span>
     <span class='ocr_line' id='line_1_17' title="bbox 1161 2736 2312 2832; baseline 0.003 -24"><span class='ocrx_word' id='word_1_108' title='bbox 1161 2737 1352 2832; x_wconf 87' lang='lat' dir='ltr'><strong>Ejus</strong></span> <span class='ocrx_word' id='word_1_109' title='bbox 1383 2745 1556 2810; x_wconf 87' lang='lat' dir='ltr'><strong>sunt</strong></span> <span class='ocrx_word' id='word_1_110' title='bbox 1589 2739 1870 2826; x_wconf 85' lang='lat' dir='ltr'><strong>multa;</strong></span> <span class='ocrx_word' id='word_1_111' title='bbox 1923 2737 2000 2810; x_wconf 89' lang='lat' dir='ltr'><strong>in</strong></span> <span class='ocrx_word' id='word_1_112' title='bbox 2035 2736 2172 2820; x_wconf 85' lang='lat' dir='ltr'><strong>his.</strong></span> <span class='ocrx_word' id='word_1_113' title='bbox 2300 2757 2312 2768; x_wconf 92' lang='lat'><strong>·</strong></span> 
     </span>
     <span class='ocr_line' id='line_1_18' title="bbox 1107 2850 2976 2952; baseline 0.002 -28"><span class='ocrx_word' id='word_1_114' title='bbox 1107 2861 1114 2868; x_wconf 81' lang='grc'><strong><em>’</em></strong></span> <span class='ocrx_word' id='word_1_115' title='bbox 1359 2850 1936 2926; x_wconf 76' lang='lat' dir='ltr'><strong>Commentarius</strong></span> <span class='ocrx_word' id='word_1_116' title='bbox 1985 2854 2063 2925; x_wconf 92' lang='lat' dir='ltr'><strong>in</strong></span> <span class='ocrx_word' id='word_1_117' title='bbox 2095 2851 2347 2926; x_wconf 87' lang='lat' dir='ltr'><strong>Vitam</strong></span> <span class='ocrx_word' id='word_1_118' title='bbox 2378 2853 2431 2928; x_wconf 83' lang='lat' dir='ltr'>J</span> <span class='ocrx_word' id='word_1_119' title='bbox 2430 2856 2561 2928; x_wconf 83' lang='lat' dir='ltr'><strong>ulii</strong></span> <span class='ocrx_word' id='word_1_120' title='bbox 2596 2855 2976 2952; x_wconf 76' lang='lat' dir='ltr'><strong>Agricolae</strong></span> 
     </span>
     <span class='ocr_line' id='line_1_19' title="bbox 1397 2965 2975 3062; baseline 0.003 -24"><span class='ocrx_word' id='word_1_121' title='bbox 1397 3005 1408 3012; x_wconf 91' lang='lat'><strong>·</strong></span> <span class='ocrx_word' id='word_1_122' title='bbox 1457 2967 1776 3042; x_wconf 83' lang='lat' dir='ltr'><strong>Cornelii</strong></span> <span class='ocrx_word' id='word_1_123' title='bbox 1811 2966 2048 3039; x_wconf 83' lang='lat' dir='ltr'><strong>Taciti</strong></span> <span class='ocrx_word' id='word_1_124' title='bbox 2103 2965 2277 3058; x_wconf 87' lang='lat' dir='ltr'><strong>(non</strong></span> <span class='ocrx_word' id='word_1_125' title='bbox 2331 2971 2563 3062; x_wconf 86' lang='lat' dir='ltr'><strong>placet</strong></span> <span class='ocrx_word' id='word_1_126' title='bbox 2598 2969 2805 3054; x_wconf 86' lang='lat' dir='ltr'><strong>mibi,</strong></span> <span class='ocrx_word' id='word_1_127' title='bbox 2844 2993 2975 3043; x_wconf 87' lang='lat' dir='ltr'><strong>nec</strong></span> 
     </span>
    </p>
   </div>
   <div class='ocr_carea' id='block_1_7' title="bbox 1359 3083 3273 3754">
    <p class='ocr_par' dir='ltr' id='par_1_7' title="bbox 1359 3083 3273 3754">
     <span class='ocr_line' id='line_1_20' title="bbox 1459 3083 3267 3179; baseline 0.001 -25"><span class='ocrx_word' id='word_1_128' title='bbox 1459 3092 1669 3156; x_wconf 87' lang='lat' dir='ltr'><strong>tanto</strong></span> <span class='ocrx_word' id='word_1_129' title='bbox 1703 3083 1992 3177; x_wconf 88' lang='lat' dir='ltr'><strong>ingenio</strong></span> <span class='ocrx_word' id='word_1_130' title='bbox 2023 3083 2293 3178; x_wconf 80' lang='lat' dir='ltr'><strong>dignus</strong></span> <span class='ocrx_word' id='word_1_131' title='bbox 2326 3085 2642 3179; x_wconf 75' lang='lat' dir='ltr'><strong>videtur)</strong></span> <span class='ocrx_word' id='word_1_132' title='bbox 3050 3085 3175 3158; x_wconf 89' lang='lat' dir='ltr'><strong>lib.</strong></span> <span class='ocrx_word' id='word_1_133' title='bbox 3214 3103 3267 3156; x_wconf 86' lang='lat'><strong>1.</strong></span> 
     </span>
     <span class='ocr_line' id='line_1_21' title="bbox 1367 3195 3269 3300; baseline -0.001 -28"><span class='ocrx_word' id='word_1_134' title='bbox 1367 3197 1882 3300; x_wconf 69' lang='lat' dir='ltr'><strong>Ggenethliacon</strong></span> <span class='ocrx_word' id='word_1_135' title='bbox 1916 3195 2166 3272; x_wconf 80' lang='lat' dir='ltr'><strong>Jacobi</strong></span> <span class='ocrx_word' id='word_1_136' title='bbox 2202 3197 2427 3296; x_wconf 87' lang='lat' dir='ltr'><strong>Regis</strong></span> <span class='ocrx_word' id='word_1_137' title='bbox 3052 3200 3178 3272; x_wconf 89' lang='lat' dir='ltr'><strong>lib.</strong></span> <span class='ocrx_word' id='word_1_138' title='bbox 3216 3218 3269 3271; x_wconf 91' lang='lat'><strong>1.</strong></span> 
     </span>
     <span class='ocr_line' id='line_1_22' title="bbox 1359 3313 3273 3390; baseline 0 -4"><span class='ocrx_word' id='word_1_139' title='bbox 1359 3313 1740 3386; x_wconf 84' lang='lat' dir='ltr'><strong>Orationes</strong></span> <span class='ocrx_word' id='word_1_140' title='bbox 3052 3316 3179 3390; x_wconf 87' lang='lat' dir='ltr'><strong>lib.</strong></span> <span class='ocrx_word' id='word_1_141' title='bbox 3218 3333 3273 3388; x_wconf 91' lang='lat'><strong>1.</strong></span> 
     </span>
     <span class='ocr_line' id='line_1_23' title="bbox 1363 3427 3265 3506; baseline 0 -4"><span class='ocrx_word' id='word_1_142' title='bbox 1363 3427 1900 3502; x_wconf 83' lang='lat' dir='ltr'><strong>Declarationes</strong></span> <span class='ocrx_word' id='word_1_143' title='bbox 3048 3432 3175 3506; x_wconf 88' lang='lat' dir='ltr'><strong>lib.</strong></span> <span class='ocrx_word' id='word_1_144' title='bbox 3214 3449 3265 3502; x_wconf 90' lang='lat'><strong>1.</strong></span> 
     </span>
     <span class='ocr_line' id='line_1_24' title="bbox 1363 3543 3265 3641; baseline 0 -25"><span class='ocrx_word' id='word_1_145' title='bbox 1363 3543 1760 3637; x_wconf 86' lang='lat' dir='ltr'><strong>Epistolae,</strong></span> <span class='ocrx_word' id='word_1_146' title='bbox 1793 3545 2373 3639; x_wconf 85' lang='lat' dir='ltr'><strong>eloquentissimo</strong></span> <span class='ocrx_word' id='word_1_147' title='bbox 2404 3550 2617 3641; x_wconf 78' lang='lat' dir='ltr'><strong>stylo,</strong></span> <span class='ocrx_word' id='word_1_148' title='bbox 3045 3548 3171 3621; x_wconf 90' lang='lat' dir='ltr'><strong>lib.</strong></span> <span class='ocrx_word' id='word_1_149' title='bbox 3210 3565 3265 3618; x_wconf 91' lang='lat'><strong>1.</strong></span> 
     </span>
     <span class='ocr_line' id='line_1_25' title="bbox 1361 3658 3263 3754; baseline 0 -22"><span class='ocrx_word' id='word_1_150' title='bbox 1361 3659 1474 3732; x_wconf 88' lang='lat' dir='ltr'><strong>De</strong></span> <span class='ocrx_word' id='word_1_151' title='bbox 1505 3659 1744 3753; x_wconf 88' lang='lat' dir='ltr'><strong>Aquis</strong></span> <span class='ocrx_word' id='word_1_152' title='bbox 1777 3658 2128 3754; x_wconf 86' lang='lat' dir='ltr'><strong>Spadanis</strong></span> <span class='ocrx_word' id='word_1_153' title='bbox 2694 3729 2711 3744; x_wconf 83' lang='lat'><strong>,</strong></span> <span class='ocrx_word' id='word_1_154' title='bbox 3045 3663 3170 3736; x_wconf 90' lang='lat' dir='ltr'><strong>lib.</strong></span> <span class='ocrx_word' id='word_1_155' title='bbox 3210 3681 3263 3734; x_wconf 88' lang='lat'><strong>1.</strong></span> 
     </span>
    </p>
   </div>
   <div class='ocr_carea' id='block_1_8' title="bbox 1172 3773 3811 4082">
    <p class='ocr_par' dir='ltr' id='par_1_8' title="bbox 1172 3773 3811 4082">
     <span class='ocr_line' id='line_1_26' title="bbox 1172 3773 3811 3872; baseline 0.001 -26"><span class='ocrx_word' id='word_1_156' title='bbox 1172 3775 1380 3849; x_wconf 89' lang='lat' dir='ltr'><strong>Vivit</strong></span> <span class='ocrx_word' id='word_1_157' title='bbox 1415 3775 1651 3848; x_wconf 88' lang='lat' dir='ltr'><strong>adhuc</strong></span> <span class='ocrx_word' id='word_1_158' title='bbox 1686 3775 1762 3847; x_wconf 88' lang='lat' dir='ltr'><strong>in</strong></span> <span class='ocrx_word' id='word_1_159' title='bbox 1797 3773 2062 3861; x_wconf 87' lang='lat' dir='ltr'><strong>Scotia,</strong></span> <span class='ocrx_word' id='word_1_160' title='bbox 2093 3787 2168 3848; x_wconf 91' lang='lat' dir='ltr'><strong>et</strong></span> <span class='ocrx_word' id='word_1_161' title='bbox 2202 3776 2651 3862; x_wconf 77' lang='lat' dir='ltr'><strong>medicinam,</strong></span> <span class='ocrx_word' id='word_1_162' title='bbox 2686 3785 2768 3852; x_wconf 86' lang='lat' dir='ltr'><strong>ut</strong></span> <span class='ocrx_word' id='word_1_163' title='bbox 2802 3779 3030 3863; x_wconf 87' lang='lat' dir='ltr'><strong>aiunt,</strong></span> <span class='ocrx_word' id='word_1_164' title='bbox 3064 3777 3479 3872; x_wconf 71' lang='lat' dir='ltr'><strong>popularem</strong></span> <span class='ocrx_word' id='word_1_165' title='bbox 3514 3787 3811 3850; x_wconf 80' lang='lat' dir='ltr'><strong>exercet.</strong></span> 
     </span>
     <span class='ocr_line' id='line_1_27' title="bbox 1613 3959 3201 4082; baseline 0.002 -5"><span class='ocrx_word' id='word_1_166' title='bbox 1613 3959 1618 3966; x_wconf 69' lang='grc'><strong>’</strong></span> <span class='ocrx_word' id='word_1_167' title='bbox 1713 4003 2304 4078; x_wconf 70' lang='grc' dir='ltr'>αῙιΒΕΒΤυε</span> <span class='ocrx_word' id='word_1_168' title='bbox 2353 4006 2933 4082; x_wconf 61' lang='lat' dir='ltr'>BURNATUS</span> <span class='ocrx_word' id='word_1_169' title='bbox 3036 4014 3201 4082; x_wconf 78' lang='lat'><strong>212.</strong></span> 
     </span>
    </p>
   </div>
   <div class='ocr_carea' id='block_1_9' title="bbox 1063 4232 3859 4910">
    <p class='ocr_par' dir='ltr' id='par_1_9' title="bbox 1063 4232 3859 4910">
     <span class='ocr_line' id='line_1_28' title="bbox 1081 4232 3858 4324; baseline -0.001 -12"><span class='ocrx_word' id='word_1_170' title='bbox 1081 4237 1564 4312; x_wconf 74' lang='lat' dir='ltr'><strong>GanERTUs</strong></span> <span class='ocrx_word' id='word_1_171' title='bbox 1595 4232 1994 4320; x_wconf 76' lang='lat' dir='ltr'><strong>Bul-natus,</strong></span> <span class='ocrx_word' id='word_1_172' title='bbox 2026 4235 2252 4308; x_wconf 91' lang='lat' dir='ltr'><strong>nobili</strong></span> <span class='ocrx_word' id='word_1_173' title='bbox 2284 4247 2487 4311; x_wconf 88' lang='lat' dir='ltr'><strong>ortus</strong></span> <span class='ocrx_word' id='word_1_174' title='bbox 2518 4237 2813 4324; x_wconf 88' lang='lat' dir='ltr'><strong>familia,</strong></span> <span class='ocrx_word' id='word_1_175' title='bbox 2864 4239 3087 4312; x_wconf 88' lang='lat' dir='ltr'><strong>bonas</strong></span> <span class='ocrx_word' id='word_1_176' title='bbox 3135 4249 3327 4312; x_wconf 85' lang='lat' dir='ltr'><strong>artes</strong></span> <span class='ocrx_word' id='word_1_177' title='bbox 3360 4236 3556 4310; x_wconf 88' lang='lat' dir='ltr'><strong>domi</strong></span> <span class='ocrx_word' id='word_1_178' title='bbox 3590 4238 3858 4318; x_wconf 87' lang='lat' dir='ltr'><strong>didicit,</strong></span> 
     </span>
     <span class='ocr_line' id='line_1_29' title="bbox 1067 4351 3855 4450; baseline -0.002 -24"><span class='ocrx_word' id='word_1_179' title='bbox 1067 4377 1248 4446; x_wconf 82' lang='lat' dir='ltr'><strong>quas</strong></span> <span class='ocrx_word' id='word_1_180' title='bbox 1323 4353 1579 4426; x_wconf 88' lang='lat' dir='ltr'><strong>deinde</strong></span> <span class='ocrx_word' id='word_1_181' title='bbox 1653 4351 1832 4424; x_wconf 88' lang='lat' dir='ltr'><strong>foris</strong></span> <span class='ocrx_word' id='word_1_182' title='bbox 1907 4373 2170 4448; x_wconf 80' lang='lat' dir='ltr'><strong>magna</strong></span> <span class='ocrx_word' id='word_1_183' title='bbox 2244 4353 2517 4448; x_wconf 88' lang='lat' dir='ltr'><strong>ingenii</strong></span> <span class='ocrx_word' id='word_1_184' title='bbox 2588 4355 2821 4450; x_wconf 87' lang='lat' dir='ltr'><strong>gloria</strong></span> <span class='ocrx_word' id='word_1_185' title='bbox 2875 4365 2951 4427; x_wconf 91' lang='lat' dir='ltr'><strong>et</strong></span> <span class='ocrx_word' id='word_1_186' title='bbox 3008 4354 3485 4428; x_wconf 80' lang='lat' dir='ltr'><strong>ostentatione</strong></span> <span class='ocrx_word' id='word_1_187' title='bbox 3552 4353 3855 4424; x_wconf 83' lang='lat' dir='ltr'><strong>doceret.</strong></span> 
     </span>
     <span class='ocr_line' id='line_1_30' title="bbox 1069 4463 3859 4564; baseline -0.001 -24"><span class='ocrx_word' id='word_1_188' title='bbox 1069 4469 1326 4564; x_wconf 81' lang='lat' dir='ltr'><strong>Itaque</strong></span> <span class='ocrx_word' id='word_1_189' title='bbox 1387 4470 1696 4542; x_wconf 85' lang='lat' dir='ltr'><strong>lustrata</strong></span> <span class='ocrx_word' id='word_1_190' title='bbox 1753 4463 2160 4550; x_wconf 81' lang='lat' dir='ltr'><strong>Germania,</strong></span> <span class='ocrx_word' id='word_1_191' title='bbox 2218 4465 2581 4558; x_wconf 80' lang='lat' dir='ltr'><strong>professus</strong></span> <span class='ocrx_word' id='word_1_192' title='bbox 2638 4469 2861 4542; x_wconf 86' lang='lat' dir='ltr'><strong>etiam</strong></span> <span class='ocrx_word' id='word_1_193' title='bbox 2915 4471 2995 4542; x_wconf 86' lang='lat' dir='ltr'><strong>in</strong></span> <span class='ocrx_word' id='word_1_194' title='bbox 3054 4468 3559 4544; x_wconf 71' lang='lat' dir='ltr'><strong>celebrioribus</strong></span> <span class='ocrx_word' id='word_1_195' title='bbox 3616 4467 3859 4538; x_wconf 87' lang='lat' dir='ltr'><strong>acade-</strong></span> 
     </span>
     <span class='ocr_line' id='line_1_31' title="bbox 1067 4579 3855 4679; baseline -0.002 -23"><span class='ocrx_word' id='word_1_196' title='bbox 1067 4585 1236 4656; x_wconf 81' lang='lat' dir='ltr'><strong>miis</strong></span> <span class='ocrx_word' id='word_1_197' title='bbox 1307 4581 1856 4679; x_wconf 79' lang='lat' dir='ltr'><strong>philosophiam,</strong></span> <span class='ocrx_word' id='word_1_198' title='bbox 1936 4582 2135 4656; x_wconf 82' lang='lat' dir='ltr'><strong>venit</strong></span> <span class='ocrx_word' id='word_1_199' title='bbox 2209 4579 2468 4656; x_wconf 86' lang='lat' dir='ltr'><strong>Voleas</strong></span> <span class='ocrx_word' id='word_1_200' title='bbox 2534 4582 3142 4669; x_wconf 83' lang='lat' dir='ltr'><strong>Arecomicorum,</strong></span> <span class='ocrx_word' id='word_1_201' title='bbox 3204 4583 3329 4658; x_wconf 86' lang='lat' dir='ltr'><strong>ubi</strong></span> <span class='ocrx_word' id='word_1_202' title='bbox 3388 4582 3649 4678; x_wconf 84' lang='lat' dir='ltr'><strong>viginti</strong></span> <span class='ocrx_word' id='word_1_203' title='bbox 3702 4582 3855 4675; x_wconf 86' lang='lat' dir='ltr'><strong>jam</strong></span> 
     </span>
     <span class='ocr_line' id='line_1_32' title="bbox 1067 4696 3859 4793; baseline -0.003 -21"><span class='ocrx_word' id='word_1_204' title='bbox 1067 4711 1274 4772; x_wconf 82' lang='lat' dir='ltr'><strong>retro·</strong></span> <span class='ocrx_word' id='word_1_205' title='bbox 1321 4699 1530 4772; x_wconf 84' lang='lat' dir='ltr'><strong>annis</strong></span> <span class='ocrx_word' id='word_1_206' title='bbox 1589 4699 1821 4770; x_wconf 86' lang='lat' dir='ltr'><strong>eidem</strong></span> <span class='ocrx_word' id='word_1_207' title='bbox 1879 4696 2306 4793; x_wconf 80' lang='lat' dir='ltr'><strong>professioni</strong></span> <span class='ocrx_word' id='word_1_208' title='bbox 2362 4719 2525 4772; x_wconf 87' lang='lat' dir='ltr'><strong>cum</strong></span> <span class='ocrx_word' id='word_1_209' title='bbox 2587 4701 2818 4783; x_wconf 88' lang='lat' dir='ltr'><strong>laude,</strong></span> <span class='ocrx_word' id='word_1_210' title='bbox 2874 4710 2953 4774; x_wconf 89' lang='lat' dir='ltr'><strong>et</strong></span> <span class='ocrx_word' id='word_1_211' title='bbox 3008 4699 3321 4774; x_wconf 81' lang='lat' dir='ltr'><strong>nominis</strong></span> <span class='ocrx_word' id='word_1_212' title='bbox 3364 4696 3859 4772; x_wconf 84' lang='lat' dir='ltr'><strong>aestimatione</strong></span> 
     </span>
     <span class='ocr_line' id='line_1_33' title="bbox 1063 4814 1838 4910; baseline 0.001 -23"><span class='ocrx_word' id='word_1_213' title='bbox 1063 4814 1436 4888; x_wconf 87' lang='lat' dir='ltr'><strong>incumbit.</strong></span> <span class='ocrx_word' id='word_1_214' title='bbox 1537 4815 1838 4910; x_wconf 85' lang='lat' dir='ltr'><strong>Scripsit</strong></span> 
     </span>
    </p>
   </div>
  </div>
 </body>
</html>
