4384 5817
788 555 919 621 316
1552 551 2023 623 HISTORIA
2066 549 2824 626 ECCLESIASTIGA

796 747 1045 831 travit,
1080 746 1533 838 exploratum
1564 753 1675 818 est
1707 745 1892 818 altas
1922 743 2366 816 idololatriae
2398 742 2728 818 tenebras
2758 749 3044 816 sanctos
3067 753 3366 820 conatus
3395 746 3588 818 senis

794 863 1250 955 impediisse3
1304 869 1379 932 et
1398 853 1609 954 'quod
1658 857 2180 934 Hirlandorum
2229 859 2526 932 traditio
2574 857 2815 940 habet,
2865 858 3198 933 ancillam
3249 859 3596 936 Pietieam

797 978 1251 1074 evang-elium
1288 977 1703 1050 enunciasse
1734 977 1817 1050 in
1849 975 2237 1048 Hirlandia
2268 976 2598 1069 primam,
2645 975 2718 1045 id
2767 993 2916 1045 non
2945 973 3090 1046 nisi
3119 983 3289 1067 post
3321 975 3595 1050 Gutha-

798 1094 973 1188 goni
1023 1093 1535 1188 migrationem
1584 1091 1795 1164 annis
1842 1105 2143 1164 xxxvl.
2195 1091 2464 1164 scilicet
2513 1109 2701 1162 anno
2749 1088 3006 1162 salutis
3037 1109 3459 1164 cccxnw.
3509 1103 3596 1164 ut

802 1209 1233 1293 camdenus,
1269 1208 1707 1302 Campianus
1740 1216 1909 1281 ante
1952 1230 2143 1293 eum,
2188 1217 2264 1279 et
2310 1215 2620 1300 utroque
2665 1203 3041 1300 posterior,
3091 1203 3144 1278 J
3143 1225 3306 1280 oan.
3357 1206 3593 1280 Anto·

798 1327 965 1398 nius
1026 1323 1420 1420 Maginm3
1472 1323 1599 1396 sed
1645 1323 1789 1397 ista
1834 1324 2153 1396 amentia
2195 1321 2404 1396 Boiis
2450 1321 2784 1396 numellis
2835 1331 2912 1394 et
2957 1325 3325 1432 ergastulo
3377 1325 3592 1396 relin-

798 1442 1070 1534 quitur.

1806 1638 1881 1711 S.
1934 1635 2316 1710 GRATA.
2421 1633 2590 1708 586.

796 1789 871 1860 S.
902 1787 1207 1862 GRATA
1240 1787 1471 1886 virgo,
1507 1787 2035 1862 Ursulanarum
2066 1809 2238 1874 una,
2287 1804 2452 1860 cum
2499 1785 2662 1860 aliis
2709 1807 2944 1880 passa,
2989 1809 3155 1861 cum
3198 1787 3363 1860 aliis
3395 1809 3590 1860 coro-

796 1914 989 1989 nata,
1015 1903 1211 1999 jacet
1244 1903 1607 1991 Coloniae,
1638 1915 1727 1980 ut
1756 1902 1927 1978 Ado
1960 1903 2416 1978 Treviri-ensis
2447 1912 2725 1976 auctor.

895 2017 1121 2093 Passa
1151 2041 1343 2094 anno
1375 2037 1657 2094 cnmv.
1693 2021 1955 2096 colitur
1986 2021 2103 2092 die
2136 2038 2316 2092 xxl.
2352 2019 2713 2094 Octobris.

1709 2253 1785 2326 S.
1838 2250 2401 2324 GREGORIA.
2501 2254 2673 2329 58⁷.

794 2483 869 2556 S.
890 2483 1363 2571 Gasseonu,
1384 2485 1581 2558 socia
1602 2481 1677 2556 S.
1700 2481 2035 2568 Ursulae,
2070 2481 2284 2554 Scota
2315 2481 2590 2566 Seotae,
2624 2505 2666 2554 e
2697 2483 2959 2576 patria,
2997 2483 3076 2554 in
3099 2494 3346 2556 timna
3369 2484 3592 2554 unde-

794 2602 933 2671 cim
982 2601 1292 2672 millium
1344 2601 1739 2696 virginum,
1784 2621 2095 2694 egressa,
2140 2599 2482 2672 Coloniae
2525 2599 2960 2694 imi-tyrium
3011 2599 3302 2683 meruit,
3351 2598 3593 2692 ibique

788 2718 1003 2808 jacet.
1105 2715 1387 2789 Adonis
1422 2715 2057 2810 Martyrologium.

892 2831 1117 2903 Passa
1148 2832 1403 2904 iisdem
1434 2853 1627 2904 anno
1660 2838 1735 2904 et
1764 2831 1907 2904 die.

1665 3063 1739 3136 S.
1788 3059 2441 3136 GOLVENEUS.
2539 3066 2714 3137 688.

793 3298 866 3368 S.
922 3297 1462 3381 GoLvnunus,
1500 3295 1804 3368 eremita
1852 3293 2131 3379 Scottis,
2172 3295 2486 3388 patriam
2537 3295 2890 3380 deserens,
2941 3296 3020 3368 in
3071 3295 3588 3377 Aremorieam,

798 3437 981 3506 quae
1014 3421 1265 3506 postea
1298 3411 1684 3486 Britannia
1716 3411 1987 3494 Minor,
2036 3411 2352 3496 recessit,
2401 3433 2696 3504 seseque
2745 3419 2982 3482 totum
3033 3409 3226 3484 vitae
3277 3421 3588 3482 contem-

793 3530 1107 3621 plativae
1136 3529 1441 3602 tradidit
1462 3548 1485 3612 ς
1520 3528 1647 3599 sed
1674 3527 1803 3601 diu
1824 3527 2063 3598 virtus
2086 3535 2292 3600 tanta
2315 3528 2538 3600 latere
2561 3547 2708 3599 non
2732 3527 2995 3619 potuit,
3033 3549 3206 3598 nam
3231 3525 3308 3600 S.
3327 3525 3586 3638 'Paulo,
3734 3525 3754 3536 ‘

796 3649 1127 3739 episeopo
1161 3645 1542 3729 Leonensi,
1576 3642 1923 3736 deposito,
1954 3643 2182 3714 totius
2217 3643 2388 3714 cleri
2431 3653 2508 3715 et
2549 3643 2799 3737 populi
2843 3665 3196 3716 concursu
3239 3643 3332 3714 ad
3375 3645 3589 3716 eccle-

795 3765 941 3833 siae
964 3763 1288 3857 regimen
1314 3769 1636 3842 vocatus,
1666 3757 1731 3832 ei
1756 3756 2128 3830 successit:
2161 3758 2288 3843 ita,
2315 3769 2603 3852 praeter
2625 3767 3004 3843 nostrates,
3029 3759 3318 3852 scripsit
3351 3759 3589 3832 Rena-

794 3889 914 3949 tus
972 3877 1409 3948 Benedictus
1461 3875 1541 3946 in
1588 3873 1785 3948 Vitis
1835 3873 1963 3946 SS.
2016 3871 2315 3958 Galliae,
2377 3873 2663 3946 tabulae
2711 3875 2906 3947 illius
2955 3875 3170 3960 sedis,
3223 3873 3584 3948 Robertus

796 3993 1129 4064 Coenalis
1162 3993 1253 4064 de
1287 3991 1401 4064 Re
1434 3989 1713 4063 Gallica
1742 3989 1866 4062 lib.
1905 4008 1993 4061 11.
2026 3989 2341 4082 perioch.
2377 4008 2489 4060 vl.
2591 3988 2896 4082 Scripsit

1090 4109 1378 4182 Laudes
1412 4109 1806 4178 multorum
1840 4103 2266 4178 Sanctorum
2673 4104 2799 4177 lib.
2839 4123 2891 4176 1.

1091 4221 1383 4296 Rituale
1414 4221 1778 4295 Ecclesiae
2675 4221 2802 4293 lib.
2839 4239 2893 4292 1.

895 4341 1201 4411 Creatus
1233 4339 1609 4431 episcopus
1642 4359 1835 4410 anno
1869 4355 1999 4408 De.
2033 4338 2296 4410 colitur
2327 4353 2578 4408 xx111.
2611 4335 2664 4408 J
2667 4337 2844 4408 unii.
2949 4333 3216 4410 Uvion.

1670 4532 1748 4607 S.
1801 4531 2423 4608 GULIELMUS.
2527 4539 2696 4614 589.

796 4691 873 4762 S.
907 4689 1437 4770 GULIELMUS,
1480 4684 1673 4781 regis
1724 4682 1800 4757 S.
1852 4681 2050 4757 Duffi
2096 4682 2312 4768 filius,
2375 4693 2742 4776 pertaesus
2791 4705 3034 4757 rerum
3084 4684 3584 4767 humanarum,

794 4818 880 4878 ut
910 4803 1193 4878 facilius
1226 4801 1385 4876 Deo
1428 4799 1843 4887 deserviret,
1894 4800 2334 4873 eremiticam
2385 4799 2610 4872 vitam
2657 4801 2922 4896 eleg-it3
2973 4821 3192 4892 quam
3243 4823 3406 4874 eum
3457 4805 3587 4872 ali-
