4384 5817
1242 658 1599 729 GENTIS
1646 656 2210 737 scoTORUM.
2253 657 2438 727 LIB.
2479 656 2639 729 VII.
3227 658 3358 727 829

854 851 945 924 In
976 860 1291 944 quatuor
1324 850 1733 947 Evangelia
2339 850 2465 923 lib.
2503 868 2614 922 1v.

849 967 1247 1041 conciones
1280 969 1519 1039 varias
2341 968 2467 1039 lib.
2505 984 2558 1038 1.

659 1084 1001 1160 Florebat
1032 1106 1224 1155 anno
1260 1101 1631 1155 mcccxx.
1730 1082 1951 1155 Hunc
1984 1082 2168 1157 falso
2202 1082 2432 1179 Angli
2459 1106 2671 1155 suum
2699 1085 2929 1155 civem
2954 1083 3255 1166 faciunt,
3282 1093 3353 1154 et

553 1201 961 1275 Grimmum
996 1198 1297 1272 ridicule
1330 1208 1633 1273 vocant:
1684 1200 1765 1271 in
1797 1200 1911 1271 his
1944 1210 2057 1273 est
2088 1200 2606 1295 ignavissimus
2641 1198 2997 1271 Pitsaeus.

1180 1427 1817 1503 BERNARDUS
1864 1427 2446 1504 GORDONUS.
2551 1428 2721 1504 616.

551 1664 1071 1737 BERNARDUS
1122 1660 1527 1745 Gordonus,
1584 1662 1835 1735 doctor
1882 1664 2301 1750 medicinae,
2359 1687 2444 1736 ac
2501 1665 2940 1737 clarissimus
2997 1664 3354 1757 Monpelii

548 1780 933 1873 professor,
966 1802 1119 1873 quo
1151 1800 1284 1851 nec
1312 1778 1706 1851 doctiorem
1737 1780 2103 1851 academia
2140 1802 2230 1851 ea
2271 1802 2616 1872 unquam,
2659 1802 2792 1851 nee
2835 1780 3226 1853 feliciorem
3273 1783 3353 1852 in

550 1896 877 1969 facienda
906 1896 1285 1980 medicina,
1314 1903 1403 1966 ut
1433 1894 1757 1985 loquitur
1788 1892 2159 1966 Paschalis
2194 1892 2472 1980 GalluS,
2503 1918 2591 1968 ea
2614 1902 2810 1967 aetas
2834 1898 3030 1969 tulit.
3115 1896 3353 1990 Scrip-

548 2013 647 2085 sit
680 2014 998 2106 plurima
1026 2034 1047 2083 ε
1100 2014 1181 2085 in
1199 2010 1353 2094 his,

841 2127 1121 2201 Lilium
1156 2126 1563 2199 Medicinae
2337 2127 2464 2198 lib.
2503 2144 2556 2199 1.

846 2244 1400 2316 Antidotarium
2337 2243 2464 2315 lib.
2503 2260 2556 2314 1.

852 2357 1261 2431 Vulnerum
1294 2358 1597 2431 Curatio
2344 2360 2469 2431 lib.
2507 2377 2563 2431 1.

847 2474 1089 2549 Rarae
1120 2478 1201 2548 in
1232 2474 1699 2570 chirurgiam
1732 2472 2294 2547 Observationes
2329 2474 2458 2548 lib.
2501 2495 2556 2547 1.

846 2590 1109 2663 Praxis
1143 2590 1589 2663 medicinalis
2324 2592 2448 2665 lib.
2485 2610 2564 2663 v·
2617 2612 2798 2685 opus
2849 2593 3152 2668 eruditis
3203 2598 3354 2669 lau-

948 2708 1427 2779 datissitnum.

646 2826 963 2899 Vivebat
994 2846 1186 2897 anno
1220 2838 1613 2894 ncnxcn.

1512 3020 2047 3094 GILBERTU
2049 3020 2123 3096 S.
2227 3022 2397 3101 617.

553 3174 1054 3257 Ganmrrus,
1090 3170 1486 3245 monachus
1516 3170 2033 3244 Benedictinus
2066 3172 2617 3258 Mailrosiensis,
2653 3186 2727 3247 et
2760 3176 2978 3249 abbas
3020 3180 3104 3251 in
3134 3174 3360 3274 Holy

554 3287 846 3373 Ihmde,
880 3312 1007 3362 seu
1044 3287 1335 3360 Insulae
1368 3286 1648 3371 Sacrae,
1694 3288 1773 3358 in
1818 3309 1964 3379 qua
2008 3290 2192 3359 nulli
2239 3310 2562 3381 unquam
2607 3290 2898 3365 abbates
2943 3294 3087 3367 nisi
3135 3294 3354 3380 Sonti,

550 3430 683 3481 nec
730 3406 1085 3489 monachi,
1134 3403 1499 3496 pertinent
1548 3405 1742 3473 enim
1796 3404 1889 3473 ad
1932 3404 2336 3475 antistitem
2383 3401 3070 3495 Sanctandreanum,
3122 3421 3197 3484 et
3245 3426 3358 3485 est

554 3524 873 3597 Seoticae
921 3522 1243 3605 ditionis,
1308 3518 1596 3611 fuitque
1652 3541 1955 3612 semper,
2014 3530 2101 3591 ut
2146 3520 2501 3604 nonnulli,
2548 3533 2955 3615 apostatam
3005 3526 3356 3601 Balaeum

552 3640 799 3722 secuti,
825 3636 1153 3733 Anglum
1178 3634 1501 3708 fecerint.
1576 3634 1755 3707 Fuit
1777 3634 1873 3707 D.
1902 3635 2260 3708 Bernardi
2285 3636 2479 3708 vitae
2511 3640 2895 3713 sanctitate
2927 3664 3356 3738 morumque

551 3755 911 3851 probitate
944 3754 1293 3855 imitator,
1330 3760 1405 3823 et
1439 3752 1836 3825 admirator
1878 3752 2209 3837 eximius,
2259 3753 2710 3847 eloquentiae
2757 3758 2974 3828 etiam
3021 3759 3354 3834 assiduus

554 3879 881 3945 sectator.
982 3868 1289 3961 Scripsit

846 3983 938 4056 In
978 3966 1126 4065 tria
1158 3982 1631 4056 cantieorum
1679 3984 1918 4077 capita
1962 3986 2430 4058 suavissimos
2475 3996 2552 4059 et
2596 3987 3164 4085 elegantissimos
3208 4016 3352 4067 ser·

944 4100 1193 4172 mones
1224 4108 1387 4172 octo
2245 4102 2369 4174 lib.
2407 4120 2462 4175 1.

650 4216 857 4290 Obiit
889 4236 1081 4289 anno
1114 4232 1309 4287 nce.
1408 4215 1718 4288 Amold.
1754 4214 2001 4288 Uvion
2030 4216 2157 4289 lib.
2196 4234 2250 4287 1.
2286 4216 2455 4315 Lig.
2490 4216 2706 4291 Vitae
2737 4242 2905 4317 pag.
2935 4239 3240 4298 xnvm.

1299 4446 1632 4520 DAVID
1681 4444 2345 4520 GUTHRAEUS.
2447 4446 2616 4521 618.

558 4678 841 4753 DAVID
869 4677 1308 4761 GuthraeuS,
1342 4679 1615 4775 insigni
1649 4680 1765 4751 vir
1788 4680 2135 4764 doctrina,
2169 4678 2504 4756 Caesarei
2534 4685 3025 4779 pontificiique
3048 4688 3240 4784 juris
3271 4692 3350 4760 in

552 4808 889 4872 nascente
922 4794 1288 4869 academia
1317 4792 1819 4867 Aberdonensi
1854 4794 2236 4889 professor,
2270 4800 2564 4895 reliquit

847 4911 1195 4985 Lecturas
1228 4909 1307 4981 in
1338 4908 1389 4981 J
1390 4932 1475 4982 us
1510 4906 1973 4985 Pontificium
2238 4914 2364 4986 lib.
2401 4934 2454 4986 1.
