4384 5817
1089 530 1178 595 34
1861 526 2331 597 HISTORIA
2374 525 3125 599 EchEsIAs'rch

1101 720 1372 803 electio,
1421 740 1554 790 nec
1601 720 1794 790 ullus
1843 719 2146 790 antistes
2189 740 2345 791 esse
2391 728 2697 812 poterat,
2748 720 2877 813 qui
2922 741 3073 793 non
3120 740 3213 792 ex
3259 740 3511 793 eorum
3566 743 3885 816 corpore,

1101 841 1228 904 aut
1267 856 1397 927 per
1433 856 1554 905 eos
1598 834 1864 905 electus
1905 841 2115 916 esset,
2159 834 2385 907 donec
2428 832 2829 909 Gulielmus
2870 834 3397 909 Lambertonus
3442 858 3491 907 a
3530 840 3884 911 canonicis

1099 950 1364 1021 electus
1411 948 1484 1021 S.
1535 946 1872 1021 Andreae
1919 948 2409 1042 episcopatum
2456 950 2715 1035 tenuit,
2758 959 2847 1023 ut
2886 952 2969 1025 in
3016 950 3291 1025 Titulis
3348 949 3887 1027 Memorialibus

1101 1063 1224 1136 lib.
1277 1080 1422 1135 vn.
1473 1086 1626 1158 cap.
1682 1081 1806 1135 111.
1855 1064 2033 1135 dixi.
2135 1062 2279 1135 Sed
2334 1064 2507 1137 huic
2560 1066 2887 1139 electioni
2942 1068 3421 1140 reclamarunt
3480 1066 3759 1152 Keldei,
3814 1082 3889 1141 et

1099 1179 1408 1251 maxime
1438 1177 1805 1252 Auminus
1837 1202 2086 1252 eorum
2119 1180 2450 1273 princeps
2482 1180 2792 1253 Romam
2822 1183 3265 1275 provocavit,
3295 1192 3370 1255 et
3402 1206 3487 1255 eo
3518 1204 3597 1254 se
3638 1194 3883 1255 contu-

1099 1295 1210 1380 lit,
1247 1294 1372 1367 sed
1404 1296 1786 1380 incassum,
1833 1316 2006 1367 nam
2047 1317 2197 1367 non
2241 1295 2457 1367 modo
2497 1298 2763 1369 electus
2806 1296 3241 1391 approbatus
3286 1319 3333 1369 a
3373 1297 3727 1391 pontifice,
3766 1300 3887 1371 sed

1099 1433 1308 1484 omne
1329 1412 1457 1507 jus
1489 1412 1818 1505 deinceps
1849 1410 2144 1486 Keldeis
2175 1412 2624 1509 abrogatum.
2726 1410 3301 1486 Scotichronioon
3350 1414 3478 1488 lib.
3528 1430 3641 1485 Ἦ.
3743 1413 3887 1485 Hic

1099 1527 1386 1620 scripsit

1396 1640 1512 1714 De
1540 1642 1592 1714 J
1591 1665 1721 1715 ure
1751 1640 2188 1715 Keldeorum
2886 1641 3013 1714 lib.
3051 1659 3104 1714 1.

1397 1758 1937 1842 Querimoniam
1971 1758 2066 1830 ad
2097 1758 2373 1851 Papam
2886 1757 3013 1830 lib.
3050 1775 3105 1829 1.

1397 1872 1986 1947 Informationem
2021 1874 2300 1945 Causae
2882 1873 3007 1946 lib.
3046 1891 3101 1944 1.

1199 1988 1574 2063 Profectus
1606 1990 1917 2063 Romam
1949 2012 2140 2062 anno
2175 2004 2649 2063 mccxcvnl.
2700 1988 2882 2064 obiit
2926 1990 3007 2063 in
3048 2010 3403 2087 regressu,
3450 1998 3527 2063 et
3554 2000 3887 2085 sequente

1101 2128 1290 2179 anno
1321 2106 1643 2199 sepultus
1675 2105 2032 2179 Mutinae.

1712 2335 2251 2411 ADRIANUS
2300 2333 2433 2410 IV.
2487 2333 3049 2409 PONTIFEX.
3152 2334 3275 2409 46.

1105 2564 1552 2639 Annum-ms
1617 2566 1960 2641 Pontifex
2025 2568 2201 2661 Opt.
2270 2566 2471 2639 Max.
2540 2565 2675 2639 IV.
2744 2566 2819 2639 N
2818 2566 3087 2640 icolaus
3156 2565 3625 2664 Hastifragus
3690 2571 3891 2663 prius

1105 2684 1363 2765 dictus,
1421 2692 1724 2775 putatur
1779 2706 1824 2755 a
1879 2685 2129 2756 multia
2185 2682 2465 2768 Scotus,
2522 2684 2697 2777 quia
2750 2684 3065 2755 multum
3130 2684 3213 2755 in
3275 2684 3531 2757 insulis
3596 2684 3888 2758 Scoticis

1107 2799 1542 2881 allaborarit,
1593 2796 2123 2894 Norvegiaque,
2172 2823 2258 2871 ea
2302 2800 2553 2895 lingua
2594 2822 2793 2884 usus,
2842 2820 3027 2893 quae
3076 2796 3391 2896 Angliae
3436 2800 3689 2896 ignota
3729 2800 3888 2874 Sco-

1105 2925 1346 2988 torum
1379 2938 1466 2986 eo
1497 2935 1674 2986 aevo
1706 2915 2020 3007 propria,
2061 2923 2146 2987 ut
2183 2916 2457 3011 colligit
2498 2912 2865 2988 Gilbertus
2912 2912 3255 3001 Brunus3
3308 2916 3433 2988 sed
3476 2938 3610 3013 ego
3650 2917 3887 3010 potius

1103 3032 1406 3103 inducor
1435 3042 1522 3102 ut
1561 3028 1888 3125 Anglum
1929 3031 2235 3114 credam,
2280 3039 2519 3103 motus
2564 3033 2993 3104 auctoritate
3036 3039 3579 3103 coaetaneorum
3622 3030 3881 3104 Guliel-

1089 3148 1210 3217 -mi
1246 3144 1764 3242 Neubrigensis
1796 3144 1922 3216 lib.
1964 3164 2052 3217 11.
2088 3145 2285 3217 Hist.
2320 3146 2473 3239 cap.
2509 3165 2621 3219 vl.
2665 3146 2969 3221 Joannis
3012 3146 3565 3224 Saresberiensis
3606 3148 3732 3219 lib.
3776 3165 3881 3218 vl.

1108 3260 1514 3334 Policratici
1565 3280 1718 3353 cap.
1773 3278 2028 3334 xxnl.
2071 3271 2158 3334 ut
2206 3264 2631 3335 recentiores
2678 3263 3034 3349 omittam,
3050 3264 3057 3273 ’
3076 3262 3465 3347 Batinum,
3514 3262 3885 3346 Uvionem,

1101 3380 1440 3471 aliosque.

1949 3607 2000 3678 J
2003 3606 2217 3681 OAN
2221 3606 2421 3679 NES
2468 3606 2828 3681 ALBUS.
2928 3612 3071 3693 47.-

1106 3841 1158 3914 J
1158 3854 1494 3914 caumas
1524 3838 1784 3923 Albus,
1817 3840 2038 3934 vulgo
2069 3838 2297 3932 Quyt,
2330 3837 2547 3911 abbas
2581 3838 2997 3912 monasterii
3030 3838 3403 3912 Scotorum
3430 3838 3887 3922 Ratisbonae,

1109 3956 1741 4029 Benedictinorum
1789 3956 1972 4026 nulli
2021 3976 2156 4024 sua
2210 3963 2445 4027 aetate
2502 3955 2877 4040 secundus,
2936 3954 3313 4050 theologus
3372 3956 3703 4039 eximius,
3758 3974 3885 4025 nec

1111 4072 1538 4145 secularium
1597 4072 1972 4143 literarum
2019 4070 2341 4163 ignarus,
2398 4071 2785 4143 acerrimus
2834 4071 3165 4143 ecclesiae
3215 4071 3501 4155 vindex,
3552 4069 3884 4143 monasti·

1109 4210 1231 4261 cae
1261 4188 1678 4280 disciplinae
1707 4194 2170 4269 restaurator,
2208 4206 2603 4278 pauperum
2640 4194 2867 4277 pater,
2910 4194 2987 4259 et
3028 4186 3282 4279 priscis
3314 4186 3459 4259 illis
3492 4206 3749 4258 aureae
3778 4204 3884 4255 ae-

1109 4304 1282 4376 tatis
1315 4302 1642 4396 patribus
1675 4299 2164 4384 conferendus,
2198 4299 2485 4392 scripsit

1407 4416 1945 4490 controversias
2880 4414 3005 4488 lib.
3042 4432 3097 4487 Ι.

1205 4534 1412 4610 Obiit
1441 4554 1631 4607 anno
1667 4548 1870 4605 Mne.
1905 4530 1985 4604 in
2017 4530 2453 4605 monasterio
2485 4552 2643 4603 suo.
