<?xml version="1.0" encoding="UTF-8"?>
<!DOCTYPE html PUBLIC "-//W3C//DTD XHTML 1.0 Transitional//EN"
    "http://www.w3.org/TR/xhtml1/DTD/xhtml1-transitional.dtd">
<html xmlns="http://www.w3.org/1999/xhtml" xml:lang="en" lang="en">
 <head>
  <title>
</title>
<meta http-equiv="Content-Type" content="text/html;charset=utf-8" />
  <meta name='ocr-system' content='tesseract 3.04.00' />
  <meta name='ocr-capabilities' content='ocr_page ocr_carea ocr_par ocr_line ocrx_word'/>
</head>
<body>
  <div class='ocr_page' id='page_1' title='image "./thomaedempsteri00unkngoog_0092.png"; bbox 0 0 4384 5817; ppageno 0'>
   <div class='ocr_carea' id='block_1_1' title="bbox 1296 490 3335 575">
    <p class='ocr_par' dir='ltr' id='par_1_1' title="bbox 1296 490 3335 575">
     <span class='ocr_line' id='line_1_1' title="bbox 1296 490 3335 575; baseline -0.001 -10"><span class='ocrx_word' id='word_1_1' title='bbox 1296 494 1651 565; x_wconf 81' lang='lat' dir='ltr'><strong>GENTIS</strong></span> <span class='ocrx_word' id='word_1_2' title='bbox 1696 490 2253 571; x_wconf 85' lang='lat' dir='ltr'><strong>SCOTORUM,</strong></span> <span class='ocrx_word' id='word_1_3' title='bbox 2302 490 2483 561; x_wconf 89' lang='lat' dir='ltr'><strong>LIB.</strong></span> <span class='ocrx_word' id='word_1_4' title='bbox 2529 494 2584 575; x_wconf 76' lang='lat'><strong>1.</strong></span> <span class='ocrx_word' id='word_1_5' title='bbox 3247 493 3335 562; x_wconf 75' lang='lat'><strong>27</strong></span> 
     </span>
    </p>
   </div>
   <div class='ocr_carea' id='block_1_2' title="bbox 1140 678 2680 1237">
    <p class='ocr_par' dir='ltr' id='par_1_2' title="bbox 1148 678 2662 859">
     <span class='ocr_line' id='line_1_2' title="bbox 1148 678 2662 761; baseline -0.002 -17"><span class='ocrx_word' id='word_1_6' title='bbox 1148 684 1295 744; x_wconf 82' lang='lat' dir='ltr'><strong>Inde</strong></span> <span class='ocrx_word' id='word_1_7' title='bbox 1322 682 1731 755; x_wconf 81' lang='lat' dir='ltr'><strong>columbanus,</strong></span> <span class='ocrx_word' id='word_1_8' title='bbox 1756 692 1952 743; x_wconf 68' lang='lat' dir='ltr'><strong>nosta-</strong></span> <span class='ocrx_word' id='word_1_9' title='bbox 1974 691 2142 761; x_wconf 83' lang='lat' dir='ltr'><strong>pater</strong></span> <span class='ocrx_word' id='word_1_10' title='bbox 2166 689 2344 761; x_wconf 86' lang='lat' dir='ltr'><strong>atque</strong></span> <span class='ocrx_word' id='word_1_11' title='bbox 2368 678 2662 761; x_wconf 76' lang='lat' dir='ltr'><strong>magister,</strong></span> 
     </span>
     <span class='ocr_line' id='line_1_3' title="bbox 1220 776 2241 859; baseline -0.002 -22"><span class='ocrx_word' id='word_1_12' title='bbox 1220 778 1477 859; x_wconf 83' lang='lat' dir='ltr'><strong>Alpibus</strong></span> <span class='ocrx_word' id='word_1_13' title='bbox 1500 778 1773 851; x_wconf 80' lang='lat' dir='ltr'><strong>excursis,</strong></span> <span class='ocrx_word' id='word_1_14' title='bbox 1800 776 2085 855; x_wconf 72' lang='lat' dir='ltr'><strong>seriisque</strong></span> <span class='ocrx_word' id='word_1_15' title='bbox 2109 776 2241 849; x_wconf 85' lang='lat' dir='ltr'><strong>viis,</strong></span> 
     </span>
    </p>

    <p class='ocr_par' dir='ltr' id='par_1_3' title="bbox 1148 868 2680 1047">
     <span class='ocr_line' id='line_1_4' title="bbox 1148 868 2680 953; baseline -0.001 -20"><span class='ocrx_word' id='word_1_16' title='bbox 1148 872 1269 934; x_wconf 90' lang='lat' dir='ltr'><strong>Hic</strong></span> <span class='ocrx_word' id='word_1_17' title='bbox 1294 874 1480 933; x_wconf 87' lang='lat' dir='ltr'><strong>aderit</strong></span> <span class='ocrx_word' id='word_1_18' title='bbox 1504 892 1793 953; x_wconf 86' lang='lat' dir='ltr'><strong>praesens,</strong></span> <span class='ocrx_word' id='word_1_19' title='bbox 1820 871 2133 951; x_wconf 76' lang='lat' dir='ltr'><strong>alacrisque</strong></span> <span class='ocrx_word' id='word_1_20' title='bbox 2160 870 2235 929; x_wconf 86' lang='lat' dir='ltr'><strong>ad</strong></span> <span class='ocrx_word' id='word_1_21' title='bbox 2259 868 2473 950; x_wconf 83' lang='lat' dir='ltr'><strong>gaudia</strong></span> <span class='ocrx_word' id='word_1_22' title='bbox 2497 882 2680 942; x_wconf 78' lang='lat' dir='ltr'><strong>tanta,</strong></span> 
     </span>
     <span class='ocr_line' id='line_1_5' title="bbox 1226 964 2366 1047; baseline -0.004 -20"><span class='ocrx_word' id='word_1_23' title='bbox 1226 968 1481 1047; x_wconf 81' lang='lat' dir='ltr'><strong>Agmina</strong></span> <span class='ocrx_word' id='word_1_24' title='bbox 1506 966 1806 1046; x_wconf 84' lang='lat' dir='ltr'><strong>conjungit</strong></span> <span class='ocrx_word' id='word_1_25' title='bbox 1831 967 2149 1027; x_wconf 84' lang='lat' dir='ltr'><strong>consociata</strong></span> <span class='ocrx_word' id='word_1_26' title='bbox 2172 964 2366 1025; x_wconf 85' lang='lat' dir='ltr'><strong>simul.</strong></span> 
     </span>
    </p>

    <p class='ocr_par' dir='ltr' id='par_1_4' title="bbox 1140 1060 2657 1237">
     <span class='ocr_line' id='line_1_6' title="bbox 1140 1060 2620 1142; baseline -0.002 -19"><span class='ocrx_word' id='word_1_27' title='bbox 1140 1064 1593 1142; x_wconf 70' lang='lat' dir='ltr'><strong>Coniunguntur</strong></span> <span class='ocrx_word' id='word_1_28' title='bbox 1618 1062 1675 1122; x_wconf 90' lang='lat' dir='ltr'><strong>ei</strong></span> <span class='ocrx_word' id='word_1_29' title='bbox 1692 1061 1971 1131; x_wconf 76' lang='lat' dir='ltr'><strong>celebres,</strong></span> <span class='ocrx_word' id='word_1_30' title='bbox 1997 1078 2343 1141; x_wconf 72' lang='lat' dir='ltr'><strong>gressusque</strong></span> <span class='ocrx_word' id='word_1_31' title='bbox 2365 1060 2620 1139; x_wconf 79' lang='lat' dir='ltr'><strong>fatigant</strong></span> 
     </span>
     <span class='ocr_line' id='line_1_7' title="bbox 1224 1156 2657 1237; baseline -0.003 -20"><span class='ocrx_word' id='word_1_32' title='bbox 1224 1158 1373 1219; x_wconf 84' lang='lat' dir='ltr'><strong>Tres</strong></span> <span class='ocrx_word' id='word_1_33' title='bbox 1396 1177 1626 1237; x_wconf 75' lang='lat' dir='ltr'><strong>quoque</strong></span> <span class='ocrx_word' id='word_1_34' title='bbox 1652 1156 2025 1227; x_wconf 71' lang='lat' dir='ltr'><strong>Francorum,</strong></span> <span class='ocrx_word' id='word_1_35' title='bbox 2052 1156 2396 1235; x_wconf 79' lang='lat' dir='ltr'><strong>Scotigenae</strong></span> <span class='ocrx_word' id='word_1_36' title='bbox 2420 1156 2657 1236; x_wconf 67' lang='lat' dir='ltr'><strong>pariter.</strong></span> 
     </span>
    </p>
   </div>
   <div class='ocr_carea' id='block_1_3' title="bbox 544 1385 3326 1922">
    <p class='ocr_par' dir='ltr' id='par_1_5' title="bbox 544 1385 3326 1922">
     <span class='ocr_line' id='line_1_8' title="bbox 641 1385 3326 1480; baseline -0.001 -19"><span class='ocrx_word' id='word_1_37' title='bbox 641 1388 917 1463; x_wconf 88' lang='lat' dir='ltr'><strong>Attilae</strong></span> <span class='ocrx_word' id='word_1_38' title='bbox 960 1389 1191 1460; x_wconf 82' lang='lat' dir='ltr'><strong>nostri</strong></span> <span class='ocrx_word' id='word_1_39' title='bbox 1239 1388 1507 1480; x_wconf 86' lang='lat' dir='ltr'><strong>scripta</strong></span> <span class='ocrx_word' id='word_1_40' title='bbox 1553 1410 1599 1457; x_wconf 85' lang='lat' dir='ltr'><strong>a</strong></span> <span class='ocrx_word' id='word_1_41' title='bbox 1643 1385 2014 1460; x_wconf 86' lang='lat' dir='ltr'><strong>Bernardo</strong></span> <span class='ocrx_word' id='word_1_42' title='bbox 2060 1386 2280 1460; x_wconf 84' lang='lat' dir='ltr'><strong>Sacco</strong></span> <span class='ocrx_word' id='word_1_43' title='bbox 2323 1387 2731 1471; x_wconf 81' lang='lat' dir='ltr'><strong>laudantur,</strong></span> <span class='ocrx_word' id='word_1_44' title='bbox 2777 1396 2850 1459; x_wconf 88' lang='lat' dir='ltr'><strong>et</strong></span> <span class='ocrx_word' id='word_1_45' title='bbox 2897 1395 3069 1460; x_wconf 90' lang='lat' dir='ltr'><strong>sunt</strong></span> <span class='ocrx_word' id='word_1_46' title='bbox 3116 1408 3326 1480; x_wconf 85' lang='lat' dir='ltr'><strong>quae-</strong></span> 
     </span>
     <span class='ocr_line' id='line_1_9' title="bbox 544 1500 2284 1579; baseline -0.001 -2"><span class='ocrx_word' id='word_1_47' title='bbox 544 1508 705 1579; x_wconf 90' lang='lat' dir='ltr'><strong>dam</strong></span> <span class='ocrx_word' id='word_1_48' title='bbox 742 1504 953 1576; x_wconf 88' lang='lat' dir='ltr'><strong>MSS.</strong></span> <span class='ocrx_word' id='word_1_49' title='bbox 988 1506 1068 1575; x_wconf 93' lang='lat' dir='ltr'><strong>in</strong></span> <span class='ocrx_word' id='word_1_50' title='bbox 1099 1503 1549 1575; x_wconf 84' lang='lat' dir='ltr'><strong>Bibliotheca</strong></span> <span class='ocrx_word' id='word_1_51' title='bbox 1580 1500 1857 1575; x_wconf 84' lang='lat' dir='ltr'><strong>Veneta</strong></span> <span class='ocrx_word' id='word_1_52' title='bbox 1890 1504 2284 1579; x_wconf 86' lang='lat' dir='ltr'><strong>Marciana.</strong></span> 
     </span>
     <span class='ocr_line' id='line_1_10' title="bbox 831 1616 2530 1715; baseline -0.002 -25"><span class='ocrx_word' id='word_1_53' title='bbox 831 1619 1047 1692; x_wconf 88' lang='lat' dir='ltr'><strong>Bobii</strong></span> <span class='ocrx_word' id='word_1_54' title='bbox 1089 1618 1514 1715; x_wconf 72' lang='lat' dir='ltr'><strong>Monasterii</strong></span> <span class='ocrx_word' id='word_1_55' title='bbox 1548 1617 1977 1689; x_wconf 84' lang='lat' dir='ltr'><strong>Immunitas</strong></span> <span class='ocrx_word' id='word_1_56' title='bbox 2313 1616 2439 1688; x_wconf 91' lang='lat' dir='ltr'><strong>lib.</strong></span> <span class='ocrx_word' id='word_1_57' title='bbox 2477 1634 2530 1686; x_wconf 89' lang='lat'><strong>1.</strong></span> 
     </span>
     <span class='ocr_line' id='line_1_11' title="bbox 834 1733 2534 1829; baseline -0.001 -24"><span class='ocrx_word' id='word_1_58' title='bbox 834 1733 947 1805; x_wconf 88' lang='lat' dir='ltr'><strong>De</strong></span> <span class='ocrx_word' id='word_1_59' title='bbox 982 1733 1477 1807; x_wconf 81' lang='lat' dir='ltr'><strong>Theudelinda</strong></span> <span class='ocrx_word' id='word_1_60' title='bbox 1510 1733 1795 1829; x_wconf 84' lang='lat' dir='ltr'><strong>Regina</strong></span> <span class='ocrx_word' id='word_1_61' title='bbox 1843 1782 1858 1795; x_wconf 86' lang='lat'><strong>·</strong></span> <span class='ocrx_word' id='word_1_62' title='bbox 2318 1734 2442 1805; x_wconf 90' lang='lat' dir='ltr'><strong>lib.</strong></span> <span class='ocrx_word' id='word_1_63' title='bbox 2482 1750 2534 1803; x_wconf 84' lang='lat'><strong>1.</strong></span> 
     </span>
     <span class='ocr_line' id='line_1_12' title="bbox 635 1847 2322 1922; baseline -0.004 0"><span class='ocrx_word' id='word_1_64' title='bbox 635 1848 947 1922; x_wconf 76' lang='lat' dir='ltr'>Vivebat</span> <span class='ocrx_word' id='word_1_65' title='bbox 980 1848 1427 1921; x_wconf 73' lang='lat' dir='ltr'><strong>sanctissime</strong></span> <span class='ocrx_word' id='word_1_66' title='bbox 1460 1867 1651 1921; x_wconf 86' lang='lat' dir='ltr'><strong>anno</strong></span> <span class='ocrx_word' id='word_1_67' title='bbox 1682 1847 1937 1919; x_wconf 73' lang='lat' dir='ltr'><strong>salutis</strong></span> <span class='ocrx_word' id='word_1_68' title='bbox 1972 1860 2322 1919; x_wconf 73' lang='lat' dir='ltr'><strong>Dean.</strong></span> 
     </span>
    </p>
   </div>
   <div class='ocr_carea' id='block_1_4' title="bbox 1494 2076 2360 2153">
    <p class='ocr_par' dir='ltr' id='par_1_6' title="bbox 1494 2076 2360 2153">
     <span class='ocr_line' id='line_1_13' title="bbox 1494 2076 2360 2153; baseline -0.006 -1"><span class='ocrx_word' id='word_1_69' title='bbox 1494 2077 1571 2153; x_wconf 80' lang='lat' dir='ltr'><strong>S.</strong></span> <span class='ocrx_word' id='word_1_70' title='bbox 1623 2076 1771 2149; x_wconf 90' lang='lat' dir='ltr'><strong>AN</strong></span> <span class='ocrx_word' id='word_1_71' title='bbox 1771 2076 2137 2151; x_wconf 87' lang='lat' dir='ltr'><strong>DREAS.</strong></span> <span class='ocrx_word' id='word_1_72' title='bbox 2241 2081 2360 2148; x_wconf 79' lang='lat'><strong>31.</strong></span> 
     </span>
    </p>
   </div>
   <div class='ocr_carea' id='block_1_5' title="bbox 529 2294 3324 4244">
    <p class='ocr_par' dir='ltr' id='par_1_7' title="bbox 530 2294 3324 2979">
     <span class='ocr_line' id='line_1_14' title="bbox 534 2294 3320 2403; baseline -0.001 -21"><span class='ocrx_word' id='word_1_73' title='bbox 534 2312 607 2382; x_wconf 90' lang='lat' dir='ltr'><strong>S.</strong></span> <span class='ocrx_word' id='word_1_74' title='bbox 639 2294 1073 2395; x_wconf 63' lang='lat' dir='ltr'><strong>Annuus,</strong></span> <span class='ocrx_word' id='word_1_75' title='bbox 1111 2310 1345 2381; x_wconf 85' lang='lat' dir='ltr'><strong>socius</strong></span> <span class='ocrx_word' id='word_1_76' title='bbox 1377 2308 1974 2403; x_wconf 82' lang='lat' dir='ltr'><strong>peregrinationis</strong></span> <span class='ocrx_word' id='word_1_77' title='bbox 2000 2306 2072 2377; x_wconf 90' lang='lat' dir='ltr'><strong>S.</strong></span> <span class='ocrx_word' id='word_1_78' title='bbox 2101 2306 2394 2389; x_wconf 87' lang='lat' dir='ltr'><strong>Donati,</strong></span> <span class='ocrx_word' id='word_1_79' title='bbox 2421 2309 2736 2402; x_wconf 74' lang='lat' dir='ltr'><strong>episcopi</strong></span> <span class='ocrx_word' id='word_1_80' title='bbox 2769 2308 3133 2394; x_wconf 72' lang='lat' dir='ltr'><strong>Fesuiani,</strong></span> <span class='ocrx_word' id='word_1_81' title='bbox 3165 2311 3320 2381; x_wconf 78' lang='lat' dir='ltr'><strong>loca</strong></span> 
     </span>
     <span class='ocr_line' id='line_1_15' title="bbox 534 2424 3317 2521; baseline -0.001 -22"><span class='ocrx_word' id='word_1_82' title='bbox 534 2435 785 2499; x_wconf 86' lang='lat' dir='ltr'><strong>sancta</strong></span> <span class='ocrx_word' id='word_1_83' title='bbox 832 2425 1109 2497; x_wconf 82' lang='lat' dir='ltr'><strong>visendi</strong></span> <span class='ocrx_word' id='word_1_84' title='bbox 1158 2425 1401 2496; x_wconf 88' lang='lat' dir='ltr'><strong>studio</strong></span> <span class='ocrx_word' id='word_1_85' title='bbox 1449 2425 1857 2493; x_wconf 82' lang='lat' dir='ltr'><strong>deseruerat</strong></span> <span class='ocrx_word' id='word_1_86' title='bbox 1909 2425 2240 2516; x_wconf 89' lang='lat' dir='ltr'><strong>patriam,</strong></span> <span class='ocrx_word' id='word_1_87' title='bbox 2298 2432 2372 2495; x_wconf 90' lang='lat' dir='ltr'><strong>et</strong></span> <span class='ocrx_word' id='word_1_88' title='bbox 2422 2447 2586 2497; x_wconf 92' lang='lat' dir='ltr'><strong>cum</strong></span> <span class='ocrx_word' id='word_1_89' title='bbox 2639 2424 2872 2497; x_wconf 89' lang='lat' dir='ltr'><strong>Roma</strong></span> <span class='ocrx_word' id='word_1_90' title='bbox 2929 2447 3317 2521; x_wconf 75' lang='lat' dir='ltr'><strong>regressae,</strong></span> 
     </span>
     <span class='ocr_line' id='line_1_16' title="bbox 533 2537 3319 2623; baseline -0.001 -10"><span class='ocrx_word' id='word_1_91' title='bbox 533 2542 969 2613; x_wconf 86' lang='lat' dir='ltr'><strong>eremiticam</strong></span> <span class='ocrx_word' id='word_1_92' title='bbox 1028 2539 1255 2610; x_wconf 82' lang='lat' dir='ltr'><strong>vitam</strong></span> <span class='ocrx_word' id='word_1_93' title='bbox 1313 2539 1568 2611; x_wconf 84' lang='lat' dir='ltr'><strong>ducere</strong></span> <span class='ocrx_word' id='word_1_94' title='bbox 1625 2537 1836 2611; x_wconf 86' lang='lat' dir='ltr'><strong>ambo</strong></span> <span class='ocrx_word' id='word_1_95' title='bbox 1892 2538 2393 2623; x_wconf 84' lang='lat' dir='ltr'><strong>decrevissent,</strong></span> <span class='ocrx_word' id='word_1_96' title='bbox 2452 2538 2784 2611; x_wconf 85' lang='lat' dir='ltr'><strong>Donatus</strong></span> <span class='ocrx_word' id='word_1_97' title='bbox 2844 2541 3191 2612; x_wconf 83' lang='lat' dir='ltr'><strong>divinitus</strong></span> <span class='ocrx_word' id='word_1_98' title='bbox 3241 2543 3319 2611; x_wconf 89' lang='lat' dir='ltr'><strong>in</strong></span> 
     </span>
     <span class='ocr_line' id='line_1_17' title="bbox 532 2654 3321 2750; baseline -0.001 -21"><span class='ocrx_word' id='word_1_99' title='bbox 532 2658 942 2750; x_wconf 86' lang='lat' dir='ltr'><strong>episcopum</strong></span> <span class='ocrx_word' id='word_1_100' title='bbox 1001 2664 1113 2727; x_wconf 90' lang='lat' dir='ltr'><strong>est</strong></span> <span class='ocrx_word' id='word_1_101' title='bbox 1168 2656 1457 2737; x_wconf 77' lang='lat' dir='ltr'><strong>electuS,</strong></span> <span class='ocrx_word' id='word_1_102' title='bbox 1515 2654 1635 2723; x_wconf 86' lang='lat' dir='ltr'><strong>hic</strong></span> <span class='ocrx_word' id='word_1_103' title='bbox 1692 2675 1863 2725; x_wconf 84' lang='lat' dir='ltr'><strong>vero</strong></span> <span class='ocrx_word' id='word_1_104' title='bbox 1921 2654 2013 2724; x_wconf 86' lang='lat' dir='ltr'><strong>ab</strong></span> <span class='ocrx_word' id='word_1_105' title='bbox 2065 2655 2313 2725; x_wconf 88' lang='lat' dir='ltr'><strong>eodem</strong></span> <span class='ocrx_word' id='word_1_106' title='bbox 2366 2654 2707 2726; x_wconf 88' lang='lat' dir='ltr'><strong>diaconus</strong></span> <span class='ocrx_word' id='word_1_107' title='bbox 2757 2656 3096 2748; x_wconf 89' lang='lat' dir='ltr'><strong>primum,</strong></span> <span class='ocrx_word' id='word_1_108' title='bbox 3152 2678 3321 2728; x_wconf 84' lang='lat' dir='ltr'><strong>mox</strong></span> 
     </span>
     <span class='ocr_line' id='line_1_18' title="bbox 531 2768 3324 2863; baseline 0 -18"><span class='ocrx_word' id='word_1_109' title='bbox 531 2770 1071 2857; x_wconf 76' lang='lat' dir='ltr'><strong>archidiaconus</strong></span> <span class='ocrx_word' id='word_1_110' title='bbox 1102 2778 1405 2852; x_wconf 85' lang='lat' dir='ltr'><strong>creatus,</strong></span> <span class='ocrx_word' id='word_1_111' title='bbox 1435 2782 1681 2841; x_wconf 86' lang='lat' dir='ltr'><strong>sancte</strong></span> <span class='ocrx_word' id='word_1_112' title='bbox 1724 2769 1983 2861; x_wconf 87' lang='lat' dir='ltr'><strong>pieque</strong></span> <span class='ocrx_word' id='word_1_113' title='bbox 2024 2768 2336 2841; x_wconf 82' lang='lat' dir='ltr'><strong>officium</strong></span> <span class='ocrx_word' id='word_1_114' title='bbox 2381 2790 2596 2841; x_wconf 85' lang='lat' dir='ltr'><strong>suum</strong></span> <span class='ocrx_word' id='word_1_115' title='bbox 2639 2771 2987 2863; x_wconf 82' lang='lat' dir='ltr'><strong>implevit.</strong></span> <span class='ocrx_word' id='word_1_116' title='bbox 3091 2770 3324 2845; x_wconf 81' lang='lat' dir='ltr'><strong>Silva-</strong></span> 
     </span>
     <span class='ocr_line' id='line_1_19' title="bbox 530 2882 2478 2979; baseline -0.002 -21"><span class='ocrx_word' id='word_1_117' title='bbox 530 2908 671 2959; x_wconf 86' lang='lat' dir='ltr'><strong>nus</strong></span> <span class='ocrx_word' id='word_1_118' title='bbox 702 2886 977 2971; x_wconf 80' lang='lat' dir='ltr'><strong>Razius</strong></span> <span class='ocrx_word' id='word_1_119' title='bbox 1008 2887 1089 2957; x_wconf 90' lang='lat' dir='ltr'><strong>in</strong></span> <span class='ocrx_word' id='word_1_120' title='bbox 1120 2884 1299 2957; x_wconf 86' lang='lat' dir='ltr'><strong>Vita</strong></span> <span class='ocrx_word' id='word_1_121' title='bbox 1314 2882 1457 2953; x_wconf 90' lang='lat' dir='ltr'><strong>·SS.</strong></span> <span class='ocrx_word' id='word_1_122' title='bbox 1500 2882 1952 2955; x_wconf 86' lang='lat' dir='ltr'><strong>Thuscorum</strong></span> <span class='ocrx_word' id='word_1_123' title='bbox 1987 2905 2151 2979; x_wconf 83' lang='lat' dir='ltr'><strong>pag.</strong></span> <span class='ocrx_word' id='word_1_124' title='bbox 2188 2901 2478 2957; x_wconf 79' lang='lat' dir='ltr'><strong>chlx.</strong></span> 
     </span>
    </p>

    <p class='ocr_par' dir='ltr' id='par_1_8' title="bbox 529 2998 3324 4013">
     <span class='ocr_line' id='line_1_20' title="bbox 632 2998 3322 3093; baseline -0 -21"><span class='ocrx_word' id='word_1_125' title='bbox 632 3000 715 3072; x_wconf 89' lang='lat' dir='ltr'><strong>M</strong></span> <span class='ocrx_word' id='word_1_126' title='bbox 720 3002 873 3073; x_wconf 79' lang='lat' dir='ltr'><strong>ulta</strong></span> <span class='ocrx_word' id='word_1_127' title='bbox 904 3002 1267 3093; x_wconf 81' lang='lat' dir='ltr'><strong>praeclara</strong></span> <span class='ocrx_word' id='word_1_128' title='bbox 1298 3020 1519 3092; x_wconf 87' lang='lat' dir='ltr'><strong>opera</strong></span> <span class='ocrx_word' id='word_1_129' title='bbox 1550 2998 1798 3081; x_wconf 87' lang='lat' dir='ltr'><strong>edidit,</strong></span> <span class='ocrx_word' id='word_1_130' title='bbox 1842 3007 1917 3071; x_wconf 87' lang='lat' dir='ltr'><strong>et</strong></span> <span class='ocrx_word' id='word_1_131' title='bbox 1958 3000 2270 3071; x_wconf 81' lang='lat' dir='ltr'><strong>maxime</strong></span> <span class='ocrx_word' id='word_1_132' title='bbox 2315 3001 2504 3071; x_wconf 79' lang='lat' dir='ltr'><strong>inter</strong></span> <span class='ocrx_word' id='word_1_133' title='bbox 2534 3000 2825 3093; x_wconf 88' lang='lat' dir='ltr'><strong>pietatis</strong></span> <span class='ocrx_word' id='word_1_134' title='bbox 2857 3009 3322 3077; x_wconf 85' lang='lat' dir='ltr'><strong>monumenta</strong></span> 
     </span>
     <span class='ocr_line' id='line_1_21' title="bbox 530 3113 3316 3206; baseline -0 -15"><span class='ocrx_word' id='word_1_135' title='bbox 530 3115 839 3191; x_wconf 79' lang='lat' dir='ltr'><strong>habetur</strong></span> <span class='ocrx_word' id='word_1_136' title='bbox 869 3117 1385 3189; x_wconf 86' lang='lat' dir='ltr'><strong>monasterium</strong></span> <span class='ocrx_word' id='word_1_137' title='bbox 1424 3116 1516 3189; x_wconf 88' lang='lat' dir='ltr'><strong>ab</strong></span> <span class='ocrx_word' id='word_1_138' title='bbox 1562 3117 1722 3206; x_wconf 85' lang='lat' dir='ltr'><strong>ipsa</strong></span> <span class='ocrx_word' id='word_1_139' title='bbox 1770 3115 2163 3186; x_wconf 89' lang='lat' dir='ltr'><strong>conditum.</strong></span> <span class='ocrx_word' id='word_1_140' title='bbox 2215 3114 2474 3187; x_wconf 88' lang='lat' dir='ltr'><strong>Franc.</strong></span> <span class='ocrx_word' id='word_1_141' title='bbox 2509 3116 2888 3187; x_wconf 87' lang='lat' dir='ltr'><strong>Cattanius</strong></span> <span class='ocrx_word' id='word_1_142' title='bbox 2920 3113 3316 3198; x_wconf 86' lang='lat' dir='ltr'><strong>Diaeettus,</strong></span> 
     </span>
     <span class='ocr_line' id='line_1_22' title="bbox 530 3229 3316 3326; baseline -0.001 -23"><span class='ocrx_word' id='word_1_143' title='bbox 530 3233 900 3325; x_wconf 86' lang='lat' dir='ltr'><strong>episeopus</strong></span> <span class='ocrx_word' id='word_1_144' title='bbox 933 3230 1356 3315; x_wconf 73' lang='lat' dir='ltr'><strong>Fesulanus,</strong></span> <span class='ocrx_word' id='word_1_145' title='bbox 1406 3233 1486 3303; x_wconf 95' lang='lat' dir='ltr'><strong>in</strong></span> <span class='ocrx_word' id='word_1_146' title='bbox 1528 3229 1737 3303; x_wconf 90' lang='lat' dir='ltr'><strong>Actis</strong></span> <span class='ocrx_word' id='word_1_147' title='bbox 1785 3231 1981 3301; x_wconf 89' lang='lat' dir='ltr'><strong>illius</strong></span> <span class='ocrx_word' id='word_1_148' title='bbox 2031 3231 2362 3301; x_wconf 86' lang='lat' dir='ltr'><strong>ecclesiae</strong></span> <span class='ocrx_word' id='word_1_149' title='bbox 2407 3252 2574 3326; x_wconf 85' lang='lat' dir='ltr'><strong>pag.</strong></span> <span class='ocrx_word' id='word_1_150' title='bbox 2625 3248 3012 3303; x_wconf 81' lang='lat' dir='ltr'><strong>cxxxvn.</strong></span> <span class='ocrx_word' id='word_1_151' title='bbox 3073 3231 3316 3305; x_wconf 85' lang='lat' dir='ltr'><strong>Placet</strong></span> 
     </span>
     <span class='ocr_line' id='line_1_23' title="bbox 530 3344 3324 3438; baseline 0.002 -19"><span class='ocrx_word' id='word_1_152' title='bbox 530 3348 722 3419; x_wconf 87' lang='lat' dir='ltr'><strong>idem</strong></span> <span class='ocrx_word' id='word_1_153' title='bbox 780 3346 1161 3419; x_wconf 84' lang='lat' dir='ltr'><strong>Cattanius</strong></span> <span class='ocrx_word' id='word_1_154' title='bbox 1218 3369 1367 3418; x_wconf 92' lang='lat' dir='ltr'><strong>non</strong></span> <span class='ocrx_word' id='word_1_155' title='bbox 1422 3347 1892 3428; x_wconf 81' lang='lat' dir='ltr'><strong>mediocriter,</strong></span> <span class='ocrx_word' id='word_1_156' title='bbox 1945 3344 2073 3435; x_wconf 87' lang='lat' dir='ltr'><strong>qui</strong></span> <span class='ocrx_word' id='word_1_157' title='bbox 2130 3346 2211 3415; x_wconf 89' lang='lat' dir='ltr'><strong>in</strong></span> <span class='ocrx_word' id='word_1_158' title='bbox 2265 3345 2708 3436; x_wconf 84' lang='lat' dir='ltr'><strong>praefatione</strong></span> <span class='ocrx_word' id='word_1_159' title='bbox 2761 3346 2854 3417; x_wconf 85' lang='lat' dir='ltr'><strong>ad</strong></span> <span class='ocrx_word' id='word_1_160' title='bbox 2906 3367 3086 3438; x_wconf 86' lang='lat' dir='ltr'><strong>opus</strong></span> <span class='ocrx_word' id='word_1_161' title='bbox 3135 3346 3324 3424; x_wconf 89' lang='lat' dir='ltr'><strong>illud.</strong></span> 
     </span>
     <span class='ocr_line' id='line_1_24' title="bbox 530 3452 3311 3558; baseline 0 -25"><span class='ocrx_word' id='word_1_162' title='bbox 530 3461 899 3533; x_wconf 85' lang='lat' dir='ltr'><strong>Andream</strong></span> <span class='ocrx_word' id='word_1_163' title='bbox 923 3460 1115 3533; x_wconf 90' lang='lat' dir='ltr'><strong>hunc</strong></span> <span class='ocrx_word' id='word_1_164' title='bbox 1138 3460 1213 3533; x_wconf 85' lang='lat' dir='ltr'><strong>S.</strong></span> <span class='ocrx_word' id='word_1_165' title='bbox 1242 3461 1581 3558; x_wconf 81' lang='lat' dir='ltr'><strong>Brigidae</strong></span> <span class='ocrx_word' id='word_1_166' title='bbox 1605 3460 1907 3533; x_wconf 85' lang='lat' dir='ltr'><strong>fratrem</strong></span> <span class='ocrx_word' id='word_1_167' title='bbox 1930 3468 2310 3544; x_wconf 85' lang='lat' dir='ltr'><strong>asseverat,</strong></span> <span class='ocrx_word' id='word_1_168' title='bbox 2347 3480 2494 3533; x_wconf 90' lang='lat' dir='ltr'><strong>non</strong></span> <span class='ocrx_word' id='word_1_169' title='bbox 2517 3462 2713 3533; x_wconf 88' lang='lat' dir='ltr'><strong>illius</strong></span> <span class='ocrx_word' id='word_1_170' title='bbox 2740 3462 3082 3557; x_wconf 83' lang='lat' dir='ltr'><strong>Brigidae</strong></span> <span class='ocrx_word' id='word_1_171' title='bbox 3106 3452 3311 3554; x_wconf 85' lang='lat' dir='ltr'><strong>quae,</strong></span> 
     </span>
     <span class='ocr_line' id='line_1_25' title="bbox 530 3575 3320 3684; baseline -0.001 -32"><span class='ocrx_word' id='word_1_172' title='bbox 530 3587 615 3652; x_wconf 79' lang='lat' dir='ltr'><strong>ut</strong></span> <span class='ocrx_word' id='word_1_173' title='bbox 644 3577 831 3647; x_wconf 87' lang='lat' dir='ltr'><strong>libro</strong></span> <span class='ocrx_word' id='word_1_174' title='bbox 861 3586 1201 3668; x_wconf 86' lang='lat' dir='ltr'><strong>sequente</strong></span> <span class='ocrx_word' id='word_1_175' title='bbox 1236 3578 1521 3684; x_wconf 78' lang='lat' dir='ltr'><strong>dicitur,</strong></span> <span class='ocrx_word' id='word_1_176' title='bbox 1568 3575 2006 3647; x_wconf 87' lang='lat' dir='ltr'><strong>obdormivit</strong></span> <span class='ocrx_word' id='word_1_177' title='bbox 2038 3597 2228 3646; x_wconf 90' lang='lat' dir='ltr'><strong>anno</strong></span> <span class='ocrx_word' id='word_1_178' title='bbox 2272 3592 2576 3648; x_wconf 82' lang='lat' dir='ltr'><strong>nxv111.</strong></span> <span class='ocrx_word' id='word_1_179' title='bbox 2623 3576 2751 3649; x_wconf 89' lang='lat' dir='ltr'><strong>sed</strong></span> <span class='ocrx_word' id='word_1_180' title='bbox 2794 3597 2978 3669; x_wconf 87' lang='lat' dir='ltr'><strong>quae</strong></span> <span class='ocrx_word' id='word_1_181' title='bbox 3021 3576 3320 3649; x_wconf 83' lang='lat' dir='ltr'><strong>Fesulas</strong></span> 
     </span>
     <span class='ocr_line' id='line_1_26' title="bbox 529 3689 3318 3784; baseline 0 -21"><span class='ocrx_word' id='word_1_182' title='bbox 529 3693 812 3784; x_wconf 84' lang='lat' dir='ltr'><strong>appulit</strong></span> <span class='ocrx_word' id='word_1_183' title='bbox 860 3712 1051 3761; x_wconf 85' lang='lat' dir='ltr'><strong>anno</strong></span> <span class='ocrx_word' id='word_1_184' title='bbox 1102 3710 1332 3765; x_wconf 85' lang='lat' dir='ltr'><strong>nccc.</strong></span> <span class='ocrx_word' id='word_1_185' title='bbox 1376 3702 1463 3764; x_wconf 89' lang='lat' dir='ltr'><strong>ut</strong></span> <span class='ocrx_word' id='word_1_186' title='bbox 1506 3691 1891 3776; x_wconf 87' lang='lat' dir='ltr'><strong>Baronius,</strong></span> <span class='ocrx_word' id='word_1_187' title='bbox 1945 3698 2020 3762; x_wconf 89' lang='lat' dir='ltr'><strong>et</strong></span> <span class='ocrx_word' id='word_1_188' title='bbox 2068 3689 2366 3774; x_wconf 80' lang='lat' dir='ltr'><strong>Bazius,</strong></span> <span class='ocrx_word' id='word_1_189' title='bbox 2417 3700 2634 3784; x_wconf 84' lang='lat' dir='ltr'><strong>atque</strong></span> <span class='ocrx_word' id='word_1_190' title='bbox 2681 3693 2838 3783; x_wconf 87' lang='lat' dir='ltr'><strong>ipsa</strong></span> <span class='ocrx_word' id='word_1_191' title='bbox 2882 3690 3188 3763; x_wconf 82' lang='lat' dir='ltr'><strong>historia</strong></span> <span class='ocrx_word' id='word_1_192' title='bbox 3229 3694 3318 3763; x_wconf 90' lang='lat' dir='ltr'><strong>de</strong></span> 
     </span>
     <span class='ocr_line' id='line_1_27' title="bbox 532 3804 3322 3897; baseline 0.002 -21"><span class='ocrx_word' id='word_1_193' title='bbox 532 3806 685 3877; x_wconf 81' lang='lat' dir='ltr'><strong>vita</strong></span> <span class='ocrx_word' id='word_1_194' title='bbox 718 3806 911 3877; x_wconf 88' lang='lat' dir='ltr'><strong>illius</strong></span> <span class='ocrx_word' id='word_1_195' title='bbox 942 3808 1361 3897; x_wconf 83' lang='lat' dir='ltr'><strong>loquuntur.</strong></span> <span class='ocrx_word' id='word_1_196' title='bbox 1462 3804 1579 3878; x_wconf 86' lang='lat' dir='ltr'><strong>Ea</strong></span> <span class='ocrx_word' id='word_1_197' title='bbox 1612 3814 2023 3879; x_wconf 82' lang='lat' dir='ltr'><strong>asservatur</strong></span> <span class='ocrx_word' id='word_1_198' title='bbox 2056 3804 2214 3879; x_wconf 89' lang='lat' dir='ltr'><strong>MS.</strong></span> <span class='ocrx_word' id='word_1_199' title='bbox 2253 3806 2528 3879; x_wconf 85' lang='lat' dir='ltr'><strong>Romae</strong></span> <span class='ocrx_word' id='word_1_200' title='bbox 2571 3808 2662 3879; x_wconf 86' lang='lat' dir='ltr'><strong>ad</strong></span> <span class='ocrx_word' id='word_1_201' title='bbox 2707 3804 3010 3881; x_wconf 77' lang='lat' dir='ltr'><strong>Sanctae</strong></span> <span class='ocrx_word' id='word_1_202' title='bbox 3043 3806 3322 3891; x_wconf 77' lang='lat' dir='ltr'><strong>Mariae</strong></span> 
     </span>
     <span class='ocr_line' id='line_1_28' title="bbox 533 3916 1467 4013; baseline 0.004 -24"><span class='ocrx_word' id='word_1_203' title='bbox 533 3916 857 4013; x_wconf 70' lang='lat' dir='ltr'><strong>Major-is.</strong></span> <span class='ocrx_word' id='word_1_204' title='bbox 960 3918 1265 4013; x_wconf 87' lang='lat' dir='ltr'><strong>Scripsit</strong></span> <span class='ocrx_word' id='word_1_205' title='bbox 1298 3943 1467 3994; x_wconf 81' lang='lat' dir='ltr'><strong>vero</strong></span> 
     </span>
    </p>

    <p class='ocr_par' dir='ltr' id='par_1_9' title="bbox 820 4034 2538 4244">
     <span class='ocr_line' id='line_1_29' title="bbox 820 4034 2529 4109; baseline 0.002 -4"><span class='ocrx_word' id='word_1_206' title='bbox 820 4034 933 4105; x_wconf 92' lang='lat' dir='ltr'><strong>De</strong></span> <span class='ocrx_word' id='word_1_207' title='bbox 966 4034 1460 4109; x_wconf 87' lang='lat' dir='ltr'><strong>Poenitentiae</strong></span> <span class='ocrx_word' id='word_1_208' title='bbox 1496 4037 1701 4108; x_wconf 92' lang='lat' dir='ltr'><strong>Bono</strong></span> <span class='ocrx_word' id='word_1_209' title='bbox 2313 4036 2436 4109; x_wconf 82' lang='lat' dir='ltr'><strong>lib.</strong></span> <span class='ocrx_word' id='word_1_210' title='bbox 2477 4056 2529 4109; x_wconf 91' lang='lat'><strong>1.</strong></span> 
     </span>
     <span class='ocr_line' id='line_1_30' title="bbox 824 4148 2538 4244; baseline 0.002 -24"><span class='ocrx_word' id='word_1_211' title='bbox 824 4149 937 4220; x_wconf 91' lang='lat' dir='ltr'><strong>De</strong></span> <span class='ocrx_word' id='word_1_212' title='bbox 971 4148 1487 4244; x_wconf 84' lang='lat' dir='ltr'><strong>Eleemosynae</strong></span> <span class='ocrx_word' id='word_1_213' title='bbox 1519 4149 1808 4223; x_wconf 83' lang='lat' dir='ltr'><strong>Effectu</strong></span> <span class='ocrx_word' id='word_1_214' title='bbox 2323 4151 2447 4223; x_wconf 91' lang='lat' dir='ltr'><strong>lib.</strong></span> <span class='ocrx_word' id='word_1_215' title='bbox 2485 4172 2538 4225; x_wconf 93' lang='lat'><strong>1.</strong></span> 
     </span>
    </p>
   </div>
   <div class='ocr_carea' id='block_1_6' title="bbox 824 4263 2541 4569">
    <p class='ocr_par' dir='ltr' id='par_1_10' title="bbox 824 4263 2541 4569">
     <span class='ocr_line' id='line_1_31' title="bbox 825 4263 2541 4338; baseline 0.002 -4"><span class='ocrx_word' id='word_1_216' title='bbox 825 4263 948 4335; x_wconf 88' lang='lat' dir='ltr'><strong>Ad</strong></span> <span class='ocrx_word' id='word_1_217' title='bbox 983 4264 1275 4336; x_wconf 87' lang='lat' dir='ltr'><strong>Fratres</strong></span> <span class='ocrx_word' id='word_1_218' title='bbox 1308 4289 1353 4335; x_wconf 88' lang='lat' dir='ltr'><strong>a</strong></span> <span class='ocrx_word' id='word_1_219' title='bbox 1384 4288 1461 4336; x_wconf 89' lang='lat' dir='ltr'><strong>se</strong></span> <span class='ocrx_word' id='word_1_220' title='bbox 1492 4266 1783 4337; x_wconf 88' lang='lat' dir='ltr'><strong>indutos</strong></span> <span class='ocrx_word' id='word_1_221' title='bbox 2326 4268 2448 4338; x_wconf 91' lang='lat' dir='ltr'><strong>lib.</strong></span> <span class='ocrx_word' id='word_1_222' title='bbox 2489 4286 2541 4337; x_wconf 83' lang='lat'><strong>1.</strong></span> 
     </span>
     <span class='ocr_line' id='line_1_32' title="bbox 824 4378 2534 4475; baseline 0.001 -24"><span class='ocrx_word' id='word_1_223' title='bbox 824 4378 939 4451; x_wconf 91' lang='lat' dir='ltr'><strong>De</strong></span> <span class='ocrx_word' id='word_1_224' title='bbox 969 4380 1179 4452; x_wconf 88' lang='lat' dir='ltr'><strong>Actis</strong></span> <span class='ocrx_word' id='word_1_225' title='bbox 1213 4378 1483 4453; x_wconf 89' lang='lat' dir='ltr'><strong>Donati</strong></span> <span class='ocrx_word' id='word_1_226' title='bbox 1518 4381 1849 4475; x_wconf 86' lang='lat' dir='ltr'><strong>magistri</strong></span> <span class='ocrx_word' id='word_1_227' title='bbox 2317 4382 2442 4454; x_wconf 91' lang='lat' dir='ltr'><strong>lib.</strong></span> <span class='ocrx_word' id='word_1_228' title='bbox 2480 4400 2534 4453; x_wconf 90' lang='lat'><strong>1.</strong></span> 
     </span>
     <span class='ocr_line' id='line_1_33' title="bbox 830 4494 2538 4569; baseline 0.002 -4"><span class='ocrx_word' id='word_1_229' title='bbox 830 4494 1217 4567; x_wconf 88' lang='lat' dir='ltr'><strong>Moralium</strong></span> <span class='ocrx_word' id='word_1_230' title='bbox 1253 4494 1671 4567; x_wconf 87' lang='lat' dir='ltr'><strong>Dictionum</strong></span> <span class='ocrx_word' id='word_1_231' title='bbox 2321 4497 2446 4569; x_wconf 93' lang='lat' dir='ltr'><strong>lib.</strong></span> <span class='ocrx_word' id='word_1_232' title='bbox 2485 4518 2538 4569; x_wconf 90' lang='lat'><strong>1.</strong></span> 
     </span>
    </p>
   </div>
   <div class='ocr_carea' id='block_1_7' title="bbox 539 4570 3334 4807">
    <p class='ocr_par' dir='ltr' id='par_1_11' title="bbox 539 4570 3334 4807">
     <span class='ocr_line' id='line_1_34' title="bbox 630 4570 3326 4708; baseline 0.003 -27"><span class='ocrx_word' id='word_1_233' title='bbox 630 4608 921 4681; x_wconf 79' lang='lat' dir='ltr'><strong>Floruit</strong></span> <span class='ocrx_word' id='word_1_234' title='bbox 984 4609 1287 4691; x_wconf 82' lang='lat' dir='ltr'><strong>Fesulis,</strong></span> <span class='ocrx_word' id='word_1_235' title='bbox 1356 4620 1429 4682; x_wconf 89' lang='lat' dir='ltr'><strong>et</strong></span> <span class='ocrx_word' id='word_1_236' title='bbox 1496 4612 2010 4682; x_wconf 87' lang='lat' dir='ltr'><strong>monasterium</strong></span> <span class='ocrx_word' id='word_1_237' title='bbox 2080 4611 2422 4697; x_wconf 88' lang='lat' dir='ltr'><strong>condidit,</strong></span> <span class='ocrx_word' id='word_1_238' title='bbox 2503 4570 3043 4708; x_wconf 26' lang='lat' dir='ltr'><strong>monachosque·</strong></span> <span class='ocrx_word' id='word_1_239' title='bbox 3099 4616 3326 4689; x_wconf 79' lang='lat' dir='ltr'><strong>Bene-</strong></span> 
     </span>
     <span class='ocr_line' id='line_1_35' title="bbox 539 4725 3334 4807; baseline 0.003 -13"><span class='ocrx_word' id='word_1_240' title='bbox 539 4725 839 4797; x_wconf 85' lang='lat' dir='ltr'><strong>dictinos</strong></span> <span class='ocrx_word' id='word_1_241' title='bbox 899 4725 977 4795; x_wconf 93' lang='lat' dir='ltr'><strong>in</strong></span> <span class='ocrx_word' id='word_1_242' title='bbox 1034 4748 1119 4796; x_wconf 91' lang='lat' dir='ltr'><strong>eo</strong></span> <span class='ocrx_word' id='word_1_243' title='bbox 1175 4726 1571 4807; x_wconf 87' lang='lat' dir='ltr'><strong>collocavit,</strong></span> <span class='ocrx_word' id='word_1_244' title='bbox 1630 4746 1818 4797; x_wconf 87' lang='lat' dir='ltr'><strong>anno</strong></span> <span class='ocrx_word' id='word_1_245' title='bbox 1879 4744 2180 4798; x_wconf 81' lang='lat' dir='ltr'><strong>ncccn.</strong></span> <span class='ocrx_word' id='word_1_246' title='bbox 2285 4726 2376 4799; x_wconf 89' lang='lat' dir='ltr'><strong>In</strong></span> <span class='ocrx_word' id='word_1_247' title='bbox 2425 4738 2707 4801; x_wconf 88' lang='lat' dir='ltr'><strong>sanctos</strong></span> <span class='ocrx_word' id='word_1_248' title='bbox 2757 4732 3022 4803; x_wconf 87' lang='lat' dir='ltr'><strong>relatus</strong></span> <span class='ocrx_word' id='word_1_249' title='bbox 3073 4731 3334 4803; x_wconf 86' lang='lat' dir='ltr'><strong>colitur</strong></span> 
     </span>
    </p>
   </div>
  </div>
 </body>
</html>
