4384 5817
1266 534 1623 608 GENTIS
1666 535 2230 621 scoToluJM,
2277 539 2458 608 LIB.
2509 539 2604 608 11.
3209 543 3334 609 111

522 734 615 805 de
662 755 743 804 se
790 729 1273 824 reprehendit,
1314 729 1515 822 quod
1560 739 1712 802 tam
1758 729 2203 803 virulentum
2245 731 2602 804 calamum
2649 731 2726 803 in
2771 731 3100 828 reginam
3151 731 3331 804 bene

524 849 861 920 meritam
898 845 1335 928 strinxisset,
1378 845 1835 939 moriensque
1878 849 2163 939 optavit
2203 857 2294 921 nt
2337 849 2693 941 tantisper
2735 859 3160 942 superesset,
3209 851 3334 922 do-

522 985 655 1037 nec
706 963 1025 1036 macules
1078 983 1263 1054 quas
1318 961 1817 1036 maledicentia
1868 961 2055 1035 falso
2120 972 2540 1056 asperserat,
2603 961 2941 1036 revocata
2997 964 3328 1048 veritate,

524 1081 637 1152 vel
670 1077 1025 1172 sanguine
1056 1077 1393 1149 elueret?
1475 1075 1583 1148 Et
1612 1077 1707 1148 ad
1740 1097 1912 1150 ann.
1948 1095 2384 1150 unnxvnx.
2463 1086 2516 1122 “
2545 1077 3036 1151 Buchananus
3061 1080 3140 1151 in
3167 1079 3330 1152 Mo-

520 1196 707 1266 ravii
752 1191 975 1265 verba
1006 1193 1505 1288 juratissimus
1528 1189 1597 1264 2⁹³
1642 1191 1788 1266 fnit
1834 1195 2029 1266 enim
2071 1194 2266 1266 inter
2313 1195 2474 1266 illos
2523 1196 2652 1288 qui
2703 1203 2954 1267 contra
2999 1197 3328 1294 reginam

522 1309 935 1382 Eboracum
990 1307 1391 1401 perduelles
1449 1318 1960 1394 convenerunt,
2018 1309 2177 1383 Deo
2241 1309 2796 1403 hominibusque
2853 1311 3096 1383 invisi.
3225 1310 3332 1382 Et

521 1427 613 1498 ad
680 1447 956 1498 annum
1024 1441 1487 1496 uchxxu.
1556 1433 1605 1470 “
1651 1424 2139 1498 Buchananus
2203 1425 2669 1528 factiosorum
2728 1447 3019 1498 causam
3079 1437 3330 1498 contra

518 1541 877 1634 principes
898 1541 1309 1636 jmantca
1334 1535 1729 1640 smq'episse
1761 1540 2085 1612 dolenter
2116 1541 2495 1636 ingemuit,
2544 1549 2618 1613 et
2661 1543 2878 1634 paulo
2923 1551 3090 1635 post
3121 1542 3326 1614 obiit.

516 1657 656 1730 Vir
676 1659 807 1751 qui
828 1677 965 1729 nec
980 1658 1202 1741 coelo,
1232 1675 1367 1728 nec
1396 1658 1575 1742 solo,
1607 1677 1741 1732 nec
1770 1657 2009 1728 seculo
2040 1657 2348 1740 erudito,
2381 1665 2466 1728 ut
2498 1657 2618 1728 ille
2653 1657 2930 1741 cecinit,
2961 1668 3202 1741 natus,
3237 1661 3327 1729 ad

518 1793 883 1847 summum
918 1781 1163 1845 tamen
1204 1771 1525 1866 poeticae
1564 1770 1935 1844 facultatis
1978 1773 2264 1844 culmen
2309 1784 2459 1844 tam
2501 1771 2812 1846 feliciter
2853 1773 3196 1857 escendit,
3239 1783 3326 1846 ιιι

518 1899 891 1980 poetarum
928 1888 1151 1984 hujus
1178 1887 1403 1960 seculi
1434 1887 1769 1980 princeps
1799 1887 2065 1960 merito
2110 1887 2530 1960 habeatur?
2629 1883 2906 1984 Magna
2949 1911 3124 1962 sane
3166 1891 3326 1962 laus

518 2002 713 2077 Scoti
761 2023 857 2076 ex
900 2021 1029 2076 ione
1078 2003 1330 2100 Angli,
1378 2003 1525 2074 nisi
1572 2001 1889 2074 invidiae
1936 2012 2015 2075 et
2062 2003 2538 2100 malignitatis
2594 2003 2880 2076 hostilis
2939 2007 3089 2077 sale
3145 2013 3326 2076 tem-

518 2130 896 2212 peraretur
919 2140 967 2192 ι·
994 2141 1169 2192 nam
1236 2139 1370 2191 cur
1427 2120 1702 2192 coelum
1759 2120 2135 2212 solumque
2192 2117 2554 2190 Scotieum
2610 2129 3008 2203 aversatur,
3066 2117 3325 2214 Angli-

516 2255 679 2308 cum
752 2237 830 2307 in
900 2237 1149 2308 eadem
1220 2235 1461 2307 insula
1525 2243 1603 2306 et
1672 2235 1939 2305 vicinia
2004 2233 2252 2306 laudet
2269 2233 2308 2303 Ρ
2406 2229 2616 2308 Dicet
2689 2257 2766 2306 se
2833 2235 3108 2306 nescire
3173 2257 3323 2306 cos·

514 2351 1013 2447 mogmphus?
1139 2349 1351 2423 Hanc
1406 2359 1651 2423 tamen
1706 2349 2117 2422 immerenti
2174 2348 2456 2422 Scotiae
2511 2351 2898 2443 impactam
2957 2359 3324 2424 contume-

516 2469 689 2538 liam
744 2477 862 2540 tot
918 2467 1063 2539 viri
1118 2467 1413 2563 ingenio
1466 2467 1645 2538 clari
1698 2466 1967 2548 cluent,
2034 2473 2111 2536 et
2174 2463 2333 2551 tibi,
2405 2476 2494 2539 ut
2559 2467 2836 2560 opinor,
2905 2468 3008 2538 mi
3073 2469 3317 2550 lector,

518 2581 695 2656 felix
742 2585 1253 2677 eruditumque
1298 2581 1583 2655 Scotiae
1630 2573 1906 2654 coelum
1966 2590 2040 2653 et
2088 2583 2324 2654 solum
2371 2605 2418 2653 a
2465 2581 2576 2656 bis
2623 2584 2822 2656 mille
2867 2591 3064 2656 retro
3111 2583 3322 2656 annis

515 2698 725 2772 facile
790 2699 1367 2796 persuadebuntt
1436 2699 1759 2771 seculum
1832 2707 2077 2770 autem
2144 2698 2328 2770 illud
2395 2719 2526 2770 cur
2597 2699 2960 2771 eruditum
3028 2719 3182 2771 esse
3249 2707 3324 2770 et

518 2813 767 2887 haberi
824 2836 971 2887 non
1030 2815 1309 2899 debeat,
1372 2836 1535 2886 cum
1594 2822 1668 2885 et
1724 2813 1977 2884 literae
2033 2811 2348 2886 Graecae
2393 2814 2604 2908 quasi
2653 2814 2746 2887 ab
2795 2813 2988 2888 Orco
3037 2835 3323 2888 revoca-

520 2940 659 3015 tae,
707 2939 783 3004 et
818 2929 1287 3004 humaniores
1334 2931 1519 3002 aliae
1558 2929 1831 3014 literae,
1879 2927 2177 3022 ipsaque
2217 2927 2693 3023 philosophia,
2741 2929 3125 3026 theologia,
3173 2953 3322 3004 ma-

516 3045 927 3130 thematica,
982 3045 1339 3120 medicina
1394 3045 1503 3118 ita
1558 3043 1981 3148 floruerunt,
2054 3051 2139 3116 ut
2204 3043 2532 3117 certatim
2597 3045 2791 3131 Itali,
2861 3043 3075 3131 Galli,
3143 3043 3322 3118 Ger-

514 3164 735 3247 mani,
784 3161 1077 3259 Belgae,
1126 3159 1521 3258 Anglique,
1568 3181 1655 3232 ac
1702 3159 1901 3232 Scoti
1948 3159 2183 3237 nostri
2226 3159 2314 3232 in
2359 3145 2434 3232 id
2485 3163 2895 3234 studiorum
2946 3170 3097 3233 tam
3141 3163 3322 3233 acri-

512 3287 627 3351 ter
668 3276 1149 3362 incubuerint,
1190 3287 1281 3350 ut
1320 3275 1707 3350 vetustatis
1750 3275 2145 3360 Rmnanae,
2187 3283 2266 3348 et
2306 3297 2566 3349 aureae
2606 3277 2836 3370 ipsius
2879 3275 3016 3350 sub
3059 3277 3316 3374 Augu-

514 3402 629 3466 sto
662 3393 942 3479 aetatis,
977 3415 1150 3485 prae
1181 3414 1357 3466 cura
1386 3391 1617 3465 nostri
1650 3391 1871 3464 seculi
1908 3390 2307 3476 hominum,
2339 3392 2608 3488 pudere
2641 3392 2957 3486 potuerit
2973 3391 3012 3462 ἵ)
3062 3390 3316 3464 Discat

516 3531 691 3605 ergo
737 3508 1027 3604 Anglus
1074 3509 1513 3581 moderatius
1574 3509 1819 3601 loqui3
1880 3515 1957 3578 et
2013 3529 2147 3602 ego
2204 3506 2298 3580 ad
2354 3506 2879 3580 Buchananum
2933 3506 3168 3591 redeo,
3227 3509 3318 3580 de

502 3647 661 3718 quo
704 3625 895 3696 idem
942 3625 1035 3696 ad
1080 3645 1351 3698 annum
1392 3641 1886 3696 unnxxxw.
1938 3630 1986 3665 “
2021 3620 2444 3696 Buchanani
2491 3621 2842 3707 Historia,
2889 3632 2964 3695 et
3007 3623 3096 3694 de
3134 3621 3186 3691 J
3189 3645 3317 3694 ure

520 3739 763 3838 Regni
794 3741 985 3832 apud
1018 3739 1267 3813 Scotos
1292 3737 1671 3836 Dialogus,
1700 3738 2043 3831 probrosa
2076 3737 2156 3807 in
2190 3759 2455 3832 regem,
2489 3738 2646 3832 ejus
2683 3747 3013 3824 matrem,
3043 3749 3118 3812 et
3149 3761 3318 3811 con-

502 3855 827 3928 siliarios
859 3857 1149 3949 scripta,
1182 3854 1585 3938 interdicta,
1620 3863 1705 3925 ut
1736 3875 1923 3947 quae
1956 3853 2186 3924 multa
2231 3851 2584 3944 culpanda
2623 3863 2700 3925 et
2745 3853 3048 3929 delenda
3089 3855 3316 3928 conti-

511 3971 801 4044 neant.”
868 3971 1199 4065 satyrica
1221 3967 1419 4054 haec,
1444 3978 1518 4041 et
1540 3969 2171 4062 impietatis-plena
2195 3968 2464 4061 scripta
2485 3966 2910 4042 Buchanani
2937 3979 3012 4042 et
3037 3969 3310 4042 Knoxii

518 4089 673 4182 ipse
732 4109 863 4160 rex
912 4085 1225 4160 Jacobus
1274 4094 1429 4158 toto
1474 4105 1703 4181 regno
1762 4105 1897 4158 suo
1950 4083 2336 4176 proscribit
2387 4093 2464 4156 et
2521 4085 2890 4170 eliminat3
2957 4107 3128 4158 nam
3185 4085 3314 4158 lib.

512 4221 612 4275 ²11.
664 4203 959 4276 Basilici
1002 4201 1185 4275 Dori
1228 4224 1395 4298 pag.
1432 4217 1620 4274 σιν.
1656 4201 1761 4273 ita
1794 4199 2025 4271 filium
2058 4221 2270 4271 suum
2315 4221 2448 4272 rex
2491 4199 2928 4293 alloquiturt
2981 4210 3029 4245 “
3061 4202 3318 4274 Proxi-

520 4341 727 4391 mum
782 4326 917 4403 est,
966 4328 1059 4390 nt
1115 4327 1191 4390 te
1246 4317 1340 4391 ad
1386 4314 1762 4388 lectionem
1810 4314 1983 4386 hist.
2036 4313 2638 4400 authenticarum,
2695 4325 2770 4388 et
2817 4317 3316 4414 chronologias

518 4435 947 4508 evolvendae
994 4433 1357 4517 adhorter,
1404 4431 1824 4526 praesertim
1872 4451 2047 4504 vero
2095 4431 2175 4502 in
2223 4429 2630 4505 domesticis
2677 4433 2944 4505 nostris
2990 4431 3314 4506 historiis

518 4561 593 4622 te
624 4549 1195 4622 versatissimum
1223 4569 1381 4621 >cese
1404 4547 1647 4640 cupio,
1678 4568 1771 4618 ne
1799 4545 1903 4620 sis
1934 4547 2131 4638 domi
2162 4547 2608 4643 peregrinus,
2641 4569 2812 4620 nam
2844 4559 2919 4620 et
2950 4548 3314 4620 istiusmo-

519 4666 595 4736 di
628 4665 957 4757 exempla
987 4673 1063 4736 te
1102 4662 1405 4759 propius
1450 4663 1869 4758 attingunt3
1918 4683 2152 4757 neque
2195 4671 2440 4735 tamen
2481 4661 2794 4736 famoeos
2837 4663 2998 4736 illos
3041 4661 3316 4736 libellos

518 4779 969 4865 Buchanani,
1002 4787 1131 4853 aut
1164 4777 1439 4853 Knoxii
1470 4777 1829 4852 Chronica
1860 4777 2168 4877 intelligi
2202 4777 2338 4854 hic'
2352 4779 2560 4852 volo:
2617 4779 2680 4851 si
2707 4779 2907 4875 quod
2946 4776 3318 4876 hujusmo-
