4384 5817
1020 627 1038 641 ,
1167 559 1300 626 216
1937 561 2406 632 HISTORIA
2450 560 3206 630 ECCLESIASTICA

1175 753 1332 820 sine
1363 749 1638 844 ingenti
1673 761 1985 844 stupore,
2019 759 2461 842 repererunt,
2494 759 2581 823 ut
2614 752 2755 822 viri
2788 751 3061 823 nobiles
3094 760 3171 822 et
3212 753 3590 824 clarissimi
3638 753 3957 829 Andreas

1171 865 1514 937 Leslaeus
1547 876 1619 938 et
1651 867 2014 938 Robertus
2049 866 2399 960 Boydius,
2434 868 2707 942 alumni
2741 866 3045 961 Collegii
3090 867 3467 938 Scotorum
3512 869 3847 953 Romani,
3890 882 3959 942 et

1171 981 1562 1052 doctissimi
1597 983 1787 1052 cives
1821 983 1985 1065 mei,
2021 985 2586 1067 admonuerunt3
2620 991 2693 1052 et
2714 983 3139 1052 miraculose
3172 982 3267 1053 ab
3296 1005 3381 1053 eo
3414 985 3725 1054 sanitate
3749 986 3959 1056 dona-

1171 1105 1326 1166 tum
1383 1097 1773 1181 infirmum,
1829 1101 2048 1170 allata
2104 1100 2198 1169 ad
2250 1121 2413 1168 eum
2464 1107 2667 1188 parte
2712 1097 2957 1177 vestis,
3008 1097 3102 1166 ad
3146 1119 3261 1168 me
3308 1098 3558 1169 scribit
3609 1097 3959 1170 Patricius

1172 1209 1665 1296 Andersonus,
1720 1213 2094 1285 Societatis
2149 1211 2201 1282 J
2200 1235 2329 1284 esu
2384 1213 2782 1306 theologus,
2840 1210 3336 1303 philosophus,
3394 1213 3959 1297 mathematicus,

1171 1347 1362 1398 unus
1396 1328 1626 1398 instar
1658 1331 2002 1399 omnium.
2107 1327 2215 1398 Ut
2246 1329 2464 1398 semel
2495 1327 2751 1408 dicam,
2794 1325 2938 1396 fuit
2970 1335 3261 1398 sanctus
3300 1328 3421 1398 hic
3464 1329 3765 1398 antistes
3808 1330 3959 1424 dig-

1171 1443 1533 1526 nissimus,
1567 1445 1690 1535 qui
1727 1445 1806 1512 in
1837 1444 2142 1514 Lutheri
2177 1452 2500 1533 tempora
2530 1441 2944 1522 incurreret,
2990 1448 3073 1511 ut
3120 1442 3243 1532 pia
3289 1443 3443 1514 vita
3488 1443 3787 1534 impiam
3820 1466 3958 1514 sec-

1173 1565 1324 1626 tam
1359 1558 1844 1629 confunderet.
1947 1557 2251 1648 Scripsit

1471 1671 1742 1743 Contra
1777 1672 2195 1743 Haereticos
2229 1671 2623 1742 Germanos
3150 1668 3276 1741 lib.
3316 1688 3369 1740 1.

1465 1786 1580 1858 De
1611 1787 1937 1858 Ecclesia
1970 1786 2465 1858 Aberdonensi
3148 1786 3273 1856 lib.
3310 1805 3363 1857 1.

1267 1901 1570 1974 Creatus
1603 1905 1976 1994 episcopus
2009 1925 2199 1972 anno
2227 1917 2573 1971 Mnxnx.
2608 1921 2851 1972 mense
2882 1897 2934 1968 J
2936 1899 3150 1984 unio;
3190 1903 3481 1994 quando
3504 1903 3789 1987 obierit,
3813 1925 3951 1976 non

1167 2039 1420 2110 reperi.

1971 2244 2597 2320 GAUFREDUS
2644 2242 2888 2315 DUN.
2992 2250 3162 2324 395.

1168 2479 1680 2551 GAUFREDUS
1713 2479 1910 2561 Dun,
1961 2501 2088 2550 seu
2133 2477 2503 2560 Dunaeus,
2556 2473 3114 2559 Aberdonensis,
3166 2475 3497 2548 Lutetiae
3542 2477 3672 2548 diu
3720 2481 3954 2551 docuit

1167 2617 1431 2688 magna
1485 2597 1600 2664 sui
1659 2605 1732 2664 et
1789 2596 2063 2685 patriae
2117 2593 2334 2674 fama,
2388 2593 2793 2685 ibidemque
2836 2603 3295 2676 moratum,
3342 2601 3764 2684 supremum
3802 2619 3953 2668 aca-

1165 2710 1440 2780 demiae
1473 2711 1800 2802 gradum,
1835 2709 2162 2778 concordi
2197 2707 2541 2801 suffragio
2571 2709 2829 2802 gessit3
2867 2716 3023 2778 tum
3058 2709 3299 2799 opimo
3330 2709 3409 2779 in
3442 2707 3701 2804 Belgio
3732 2733 3955 2782 sacer-

1167 2825 1366 2895 dotio
1398 2824 1728 2905 donatus,
1763 2832 1846 2894 ut
1881 2822 2285 2904 admoneor,
2321 2844 2366 2890 a
2397 2821 2681 2892 Geusiis
2716 2825 3051 2894 scelerate
3096 2823 3599 2908 saevientibus,
3647 2847 3783 2916 pro
3822 2825 3953 2897 fide

1163 2941 1464 3011 interem
1471 2949 1661 3031 ptus,
1686 2941 1882 3032 Jacet
1907 2936 2265 3019 Goroomi,
2291 2946 2377 3007 ut
2402 2939 2480 3008 in
2506 2935 2827 3008 Theatro
2852 2936 3383 3010 crudelitatum
3412 2937 3953 3012 Haeretioorum

1163 3077 1328 3148 pag.
1367 3073 1573 3126 Lux.

1268 3170 1536 3241 Passus
1569 3179 1678 3241 est
1711 3193 1900 3240 anno
1937 3186 2341 3239 MDLxxn.

2006 3397 2556 3471 PATRICIUS
2606 3396 2849 3468 DUN.
2952 3394 3120 3478 ³96.

1169 3634 1620 3703 PA'rlucms
1675 3629 1874 3714 Dun,
1943 3631 2333 3701 medicinae
2390 3631 2658 3712 doctor,
2724 3629 3313 3720 philosophorum
3380 3639 3453 3701 et
3485 3649 3501 3664 ·
3518 3631 3946 3704 medicorum

1171 3749 1286 3818 sui
1333 3749 1551 3819 seculi
1597 3749 1780 3819 nulli
1823 3746 2199 3826 secundus,
2240 3747 2317 3814 in
2362 3743 2602 3816 scotia
2642 3746 3039 3836 praeclaras
3084 3755 3273 3816 artes
3322 3747 3596 3828 didicit,
3648 3769 3827 3839 quas
3874 3749 3945 3818 in

1168 3861 1404 3934 Gallia
1461 3873 1534 3935 et
1589 3863 1975 3934 Germania
2033 3864 2356 3943 doceret3
2419 3882 2585 3930 nam
2644 3870 2719 3932 et
2778 3859 3219 3956 Rhotomagi
3276 3861 3825 3952 philosophiam,
3880 3873 3951 3934 et

1169 3977 1595 4050 Cenomanis
1659 3979 2024 4071 politiores
2083 3977 2349 4058 literas,
2424 3986 2499 4044 et
2566 3975 2887 4047 Basileae
2952 3997 3223 4046 sacram
3292 3978 3618 4070 linguam
3682 3977 3943 4067 profes-

1171 4115 1341 4166 sust
1425 4094 1730 4187 indeque
1797 4095 1874 4163 in
1940 4091 2229 4162 Italiam
2295 4091 2711 4174 adventans,
2794 4089 3005 4160 fidem
3072 4089 3540 4174 Catholicam,
3625 4091 3947 4164 abdicata

1169 4209 1474 4281 Lutheri
1526 4209 1912 4300 impietate,
1965 4209 2360 4298 amplexus,
2411 4206 2859 4276 literaturam
2907 4205 3173 4295 pietate
3230 4207 3693 4277 illustriorem
3756 4204 3941 4278 fecit.

1169 4323 1470 4417 Scripsit

1467 4438 1580 4510 De
1611 4460 1785 4509 vera
1815 4459 2176 4507 sacrarum
2214 4435 2625 4506 Literarum
2659 4432 3005 4506 Versione
3292 4436 3417 4506 lib.
3457 4455 3510 4507 1.
3546 4437 3739 4528 quod
3772 4459 3947 4528 opus

1569 4555 1816 4646 magni
1849 4551 2154 4622 faciebat
2187 4550 2237 4621 J
2239 4551 2499 4622 acobus
2534 4549 2904 4621 Bonaven.
2943 4549 3407 4642 Hepburnus.

1475 4667 2066 4738 Recollectionem
2101 4665 2429 4760 Linguae
2462 4671 2748 4736 sanctae
3292 4666 3415 4736 lib.
3454 4681 3506 4732 1.

1273 4785 1606 4859 Excessit
1639 4805 1826 4854 anno
1861 4799 2195 4852 Manx.
