4384 5817
1276 648 1632 719 GENTIS
1680 646 2244 725 SCOTORUM,
2293 646 2474 713 LIB.
2525 646 2607 714 V.
3221 643 3346 709 271

846 842 937 915 In
970 863 1255 914 omnem
1289 841 1711 913 Aristotelis
1750 840 2286 932 Philosophiam
2536 841 2658 912 lib.
2700 860 2754 911 1.

848 958 1161 1055 Logicae
1193 957 1541 1051 Synopsis
2533 958 2658 1029 lib.
2699 976 2750 1028 1.

846 1073 1375 1169 Castigationes
1412 1074 1491 1144 in
1528 1072 1881 1145 Galenum
2539 1074 2665 1145 lib.
2707 1092 2756 1145 1.

846 1187 959 1260 De
994 1189 1277 1261 Morbis
1316 1189 1831 1261 incurabilibus
2533 1191 2660 1263 lib.
2699 1210 2751 1261 1.

843 1305 1324 1377 Curationum
1362 1328 1661 1376 suarum
2457 1328 2462 1332 ·
2534 1308 2662 1379 lib.
2702 1325 2754 1377 1.

637 1422 851 1496 Vivit
878 1423 1115 1494 adhuc
1140 1420 1437 1493 Mantae
1472 1423 1560 1492 ad
1588 1420 2019 1515 Sequanam,
2058 1436 2133 1495 et
2155 1424 2356 1520 genti
2383 1424 2714 1519 gloriam,
2739 1422 2876 1493 sibi
2905 1444 2950 1495 a
2975 1421 3345 1503 medicina,

545 1561 765 1632 quam
820 1540 1179 1632 stipendio
1238 1560 1329 1609 ex
1388 1536 1558 1610 fisco
1616 1538 1971 1611 honorato
2030 1556 2336 1625 exercet,
2399 1563 2483 1613 ac
2541 1540 2858 1611 familiae
2917 1540 3350 1609 emolumen-

544 1665 701 1726 tum
762 1656 979 1748 parit,
1031 1654 1365 1726 omnibus
1424 1676 1655 1739 carus,
1714 1656 1841 1727 sed
1890 1655 2202 1729 literatis
2256 1657 2636 1749 praecipue
2685 1657 2901 1751 longe
2951 1654 3350 1747 acceptissi-

544 1793 727 1843 mus.

1128 2002 1653 2077 GEORGIUS
1712 2003 2501 2079 EGLISSEMMIUS.
2605 2011 2774 2077 502.

544 2240 973 2311 GEORGIUS
1040 2238 1599 2334 Eglissemmius
1683 2238 2283 2311 Hamiltoniensis
2369 2240 2592 2310 bonas
2677 2249 2868 2311 artes
2951 2251 3026 2310 et
3099 2238 3351 2309 didicit

543 2355 853 2427 Lovanii
926 2358 1003 2427 in
1072 2356 1331 2451 Belgio
1391 2378 1707 2447 operose,
1770 2365 1843 2427 et
1900 2356 2145 2427 docuit
2201 2358 2278 2427 in
2337 2354 2592 2427 Galliis
2651 2357 2979 2451 gloriose,
3040 2355 3350 2448 philoso-

546 2472 795 2563 phiam
830 2471 1275 2567 Rothomagi
1310 2472 1653 2565 primum,
1702 2494 1872 2544 mox
1920 2482 1995 2544 et
2046 2471 2384 2545 Lutetiae
2433 2494 2716 2545 summo
2765 2472 3176 2543 auditorum
3232 2494 3357 2563 ap·-

542 2592 805 2681 plausu
865 2587 1255 2681 professus·
1383 2585 1607 2680 Apud
1665 2587 1996 2661 Cimbros
2046 2596 2121 2660 et
2170 2588 2490 2661 Batavos
2541 2588 2967 2659 medicinam
3016 2586 3210 2672 fecit,
3266 2598 3350 2659 ut

542 2704 781 2789 audio,
806 2703 1241 2789 felicissime,
1264 2728 1395 2777 nec
1421 2702 1676 2775 Galeni
1712 2728 1900 2789 osor,
1934 2728 2065 2777 nec
2090 2704 2396 2777 chimiae
2429 2704 2736 2776 nimium
2771 2705 3122 2776 addictus·
3211 2703 3348 2777 De-

545 2844 749 2893 mum
793 2844 839 2891 a
892 2843 1064 2916 rege
1109 2821 1425 2917 Magnae
1475 2819 1901 2893 Britanniae
1948 2821 2142 2892 inter
2189 2821 2616 2892 domesticos
2669 2822 2976 2893 medicos
3027 2822 3348 2905 allectus,

542 2939 833 3031 aliquod
890 2938 1299 3010 studiorum
1365 2960 1665 3009 suorum
1735 2938 2139 3030 praemium
2207 2939 2498 3010 videtur
2563 2949 3008 3023 consecutus,
3082 2937 3356 3011 Graece

542 3054 948 3147 Latineque
1009 3054 1488 3138 doctissimus,
1548 3076 1767 3126 versu
1822 3053 2053 3126 bonus
2104 3062 2177 3126 et
2228 3077 2464 3148 prosa,
2529 3054 2862 3126 omnibus
2923 3054 3350 3127 cultioribus

543 3169 844 3255 artibuS,
902 3170 1029 3241 sed
1084 3170 1397 3241 maxime
1450 3169 1827 3265 spagiricis
1878 3171 2300 3244 instructus.
2426 3170 2654 3243 Varia
2709 3170 3153 3263 publicavit3
3217 3194 3350 3264 ego

546 3294 835 3359 tantum
873 3286 1023 3357 vidi

840 3401 1191 3474 Poemata
1221 3402 1427 3474 varia
2339 3406 2462 3477 lib.
2504 3422 2556 3474 1.

840 3516 1397 3614 Epigrammata
1429 3518 1636 3590 varia
2337 3520 2463 3592 lib.
2503 3540 2554 3591 1.

846 3635 1123 3707 Contra
1158 3632 1534 3707 Vorstium
1569 3635 2005 3707 haereticum
2330 3638 2458 3710 lib.
2499 3656 2552 3708 1.

846 3750 1424 3823 Declamationes
1460 3750 2007 3842 Philosophicas
2338 3754 2463 3825 lib.
2503 3772 2555 3825 1.

842 3865 1190 3939 Duellum
1226 3865 1597 3939 Poeticum
1634 3888 1796 3937 cum
1835 3866 2149 3964 Georgio
2183 3868 2628 3941 Buchanano
2661 3872 2740 3941 in
2777 3870 3102 3942 versione
3150 3871 3354 3944 Psal-

941 3984 1045 4053 mi
1079 4000 1242 4055 clv,
1279 4005 1425 4076 quo
1458 4005 1673 4075 opere
1716 3984 1971 4054 vellem
2014 3984 2502 4069 abstinuisset,
2548 4008 2697 4057 non
2742 3986 2936 4078 quod
2979 3987 3351 4083 ingenium

944 4107 1424 4183 contemnam,
1458 4099 1584 4170 sed
1616 4100 1792 4192 quia
1838 4100 2117 4171 felicius
2162 4101 2362 4172 aliud
2409 4110 2940 4197 argumentum,
2991 4112 3064 4174 et
3113 4106 3354 4177 minus

944 4214 1386 4287 invidiosum
1420 4215 1683 4309 eligere
1715 4216 2091 4307 potuisset.
3297 4240 3304 4247 ·

844 4328 1119 4401 Contra
1152 4329 1511 4402 Thomam
1552 4329 1865 4401 Reidum
2207 4324 2218 4333 “
2340 4333 2464 4405 lib.
2505 4352 2555 4405 1.

844 4444 1441 4537 Praeparationes
1477 4445 2171 4519 Medicamentorum
2340 4449 2463 4522 lib.
2505 4469 2555 4522 1.

642 4562 855 4634 Vivit
886 4560 1122 4634 adhuc
1156 4559 1496 4646 Londini,
1548 4583 1767 4654 quam
1812 4564 2025 4657 longe
2069 4572 2310 4655 potest
2355 4565 2449 4637 ab
2494 4568 2727 4638 aulico
2760 4571 3081 4641 tumultu
3116 4570 3352 4643 Musis

548 4700 833 4763 vacans,
868 4698 1049 4772 quas
1084 4678 1271 4749 serio
1304 4700 1475 4751 sane
1510 4687 1585 4749 et
1622 4678 1809 4750 bona
1840 4676 1979 4749 fide
2010 4680 2204 4751 colit.

1835 4798 1881 4864 9.
1920 4810 1981 4865 N
