<?xml version="1.0" encoding="UTF-8"?>
<!DOCTYPE html PUBLIC "-//W3C//DTD XHTML 1.0 Transitional//EN"
    "http://www.w3.org/TR/xhtml1/DTD/xhtml1-transitional.dtd">
<html xmlns="http://www.w3.org/1999/xhtml" xml:lang="en" lang="en">
 <head>
  <title>
</title>
<meta http-equiv="Content-Type" content="text/html;charset=utf-8" />
  <meta name='ocr-system' content='tesseract 3.04.00' />
  <meta name='ocr-capabilities' content='ocr_page ocr_carea ocr_par ocr_line ocrx_word'/>
</head>
<body>
  <div class='ocr_page' id='page_1' title='image "./thomaedempsteri00unkngoog_0310.png"; bbox 0 0 4384 5817; ppageno 0'>
   <div class='ocr_carea' id='block_1_1' title="bbox 1329 548 3380 620">
    <p class='ocr_par' dir='ltr' id='par_1_1' title="bbox 1329 548 3380 620">
     <span class='ocr_line' id='line_1_1' title="bbox 1329 548 3380 620; baseline -0.003 -2"><span class='ocrx_word' id='word_1_1' title='bbox 1329 550 1798 620; x_wconf 85' lang='lat' dir='ltr'>HISTORIA</span> <span class='ocrx_word' id='word_1_2' title='bbox 1845 548 2618 620; x_wconf 84' lang='lat' dir='ltr'><strong>ECCLESIASTICA.</strong></span> <span class='ocrx_word' id='word_1_3' title='bbox 3251 549 3380 612; x_wconf 77' lang='lat'>243</span> 
     </span>
    </p>
   </div>
   <div class='ocr_carea' id='block_1_2' title="bbox 574 735 3379 1762">
    <p class='ocr_par' dir='ltr' id='par_1_2' title="bbox 574 735 3379 1762">
     <span class='ocr_line' id='line_1_2' title="bbox 670 735 3373 834; baseline -0.002 -20"><span class='ocrx_word' id='word_1_4' title='bbox 670 743 961 816; x_wconf 86' lang='lat' dir='ltr'>Floruit</span> <span class='ocrx_word' id='word_1_5' title='bbox 1005 765 1193 814; x_wconf 81' lang='lat' dir='ltr'>anno</span> <span class='ocrx_word' id='word_1_6' title='bbox 1240 760 1662 813; x_wconf 75' lang='lat' dir='ltr'><strong>DOLxqu.</strong></span> <span class='ocrx_word' id='word_1_7' title='bbox 1709 765 1856 834; x_wconf 91' lang='lat' dir='ltr'>quo</span> <span class='ocrx_word' id='word_1_8' title='bbox 1901 765 2090 814; x_wconf 89' lang='lat' dir='ltr'>anno</span> <span class='ocrx_word' id='word_1_9' title='bbox 2135 743 2210 814; x_wconf 90' lang='lat' dir='ltr'>S.</span> <span class='ocrx_word' id='word_1_10' title='bbox 2259 735 2741 814; x_wconf 86' lang='lat' dir='ltr'>Cuthbertum</span> <span class='ocrx_word' id='word_1_11' title='bbox 2788 741 2867 811; x_wconf 89' lang='lat' dir='ltr'>in</span> <span class='ocrx_word' id='word_1_12' title='bbox 2918 739 3373 810; x_wconf 89' lang='lat' dir='ltr'>Mailrosensi</span> 
     </span>
     <span class='ocr_line' id='line_1_3' title="bbox 575 857 3371 952; baseline -0.002 -21"><span class='ocrx_word' id='word_1_13' title='bbox 575 860 935 943; x_wconf 91' lang='lat' dir='ltr'>coenobio,</span> <span class='ocrx_word' id='word_1_14' title='bbox 983 883 1028 929; x_wconf 93' lang='lat' dir='ltr'>a</span> <span class='ocrx_word' id='word_1_15' title='bbox 1073 881 1148 929; x_wconf 89' lang='lat' dir='ltr'>se</span> <span class='ocrx_word' id='word_1_16' title='bbox 1194 860 1507 940; x_wconf 79' lang='lat' dir='ltr'>condite,</span> <span class='ocrx_word' id='word_1_17' title='bbox 1559 859 1842 943; x_wconf 80' lang='lat' dir='ltr'>induit3</span> <span class='ocrx_word' id='word_1_18' title='bbox 1896 869 1982 930; x_wconf 89' lang='lat' dir='ltr'>ut</span> <span class='ocrx_word' id='word_1_19' title='bbox 2015 859 2337 932; x_wconf 84' lang='lat' dir='ltr'>Florent.</span> <span class='ocrx_word' id='word_1_20' title='bbox 2376 857 2905 952; x_wconf 88' lang='lat' dir='ltr'>Wigorniensis</span> <span class='ocrx_word' id='word_1_21' title='bbox 2958 858 3050 928; x_wconf 89' lang='lat' dir='ltr'>ad</span> <span class='ocrx_word' id='word_1_22' title='bbox 3102 877 3371 926; x_wconf 86' lang='lat' dir='ltr'>annum</span> 
     </span>
     <span class='ocr_line' id='line_1_4' title="bbox 574 968 3375 1066; baseline -0.002 -20"><span class='ocrx_word' id='word_1_23' title='bbox 574 997 738 1046; x_wconf 91' lang='lat' dir='ltr'>eum</span> <span class='ocrx_word' id='word_1_24' title='bbox 773 976 899 1056; x_wconf 86' lang='lat' dir='ltr'>ait,</span> <span class='ocrx_word' id='word_1_25' title='bbox 935 975 1076 1046; x_wconf 86' lang='lat' dir='ltr'>nisi</span> <span class='ocrx_word' id='word_1_26' title='bbox 1110 976 1302 1066; x_wconf 87' lang='lat' dir='ltr'>quod</span> <span class='ocrx_word' id='word_1_27' title='bbox 1343 975 1528 1044; x_wconf 87' lang='lat' dir='ltr'>male</span> <span class='ocrx_word' id='word_1_28' title='bbox 1561 968 2072 1045; x_wconf 73' lang='lat' dir='ltr'>Mailroneme</span> <span class='ocrx_word' id='word_1_29' title='bbox 2105 974 2321 1045; x_wconf 88' lang='lat' dir='ltr'>habet</span> <span class='ocrx_word' id='word_1_30' title='bbox 2344 996 2477 1066; x_wconf 91' lang='lat' dir='ltr'>pro</span> <span class='ocrx_word' id='word_1_31' title='bbox 2505 969 3009 1043; x_wconf 70' lang='lat' dir='ltr'>Maicrosensi.</span> <span class='ocrx_word' id='word_1_32' title='bbox 3061 970 3375 1045; x_wconf 90' lang='lat' dir='ltr'>Videtur</span> 
     </span>
     <span class='ocr_line' id='line_1_5' title="bbox 577 1087 3377 1184; baseline -0.002 -21"><span class='ocrx_word' id='word_1_33' title='bbox 577 1095 960 1184; x_wconf 86' lang='lat' dir='ltr'>praecipua</span> <span class='ocrx_word' id='word_1_34' title='bbox 991 1091 1284 1182; x_wconf 84' lang='lat' dir='ltr'>pietatis</span> <span class='ocrx_word' id='word_1_35' title='bbox 1331 1087 1560 1160; x_wconf 90' lang='lat' dir='ltr'>officia</span> <span class='ocrx_word' id='word_1_36' title='bbox 1604 1091 2004 1161; x_wconf 85' lang='lat' dir='ltr'>exercuisse</span> <span class='ocrx_word' id='word_1_37' title='bbox 2051 1111 2241 1160; x_wconf 88' lang='lat' dir='ltr'>anno</span> <span class='ocrx_word' id='word_1_38' title='bbox 2289 1105 2765 1160; x_wconf 78' lang='lat' dir='ltr'><strong>DOLxxvnI.</strong></span> <span class='ocrx_word' id='word_1_39' title='bbox 2816 1089 3087 1160; x_wconf 89' lang='lat' dir='ltr'>Matth.</span> <span class='ocrx_word' id='word_1_40' title='bbox 3137 1087 3377 1158; x_wconf 92' lang='lat' dir='ltr'>West-</span> 
     </span>
     <span class='ocr_line' id='line_1_6' title="bbox 577 1203 3376 1300; baseline -0.002 -22"><span class='ocrx_word' id='word_1_41' title='bbox 577 1207 1158 1279; x_wconf 83' lang='lat' dir='ltr'><strong>monasteriensis</strong></span> <span class='ocrx_word' id='word_1_42' title='bbox 1211 1228 1296 1276; x_wconf 91' lang='lat' dir='ltr'>eo</span> <span class='ocrx_word' id='word_1_43' title='bbox 1345 1227 1559 1275; x_wconf 87' lang='lat' dir='ltr'>anno.</span> <span class='ocrx_word' id='word_1_44' title='bbox 1663 1204 1994 1297; x_wconf 88' lang='lat' dir='ltr'>Denique</span> <span class='ocrx_word' id='word_1_45' title='bbox 2044 1206 2226 1277; x_wconf 91' lang='lat' dir='ltr'>obiit</span> <span class='ocrx_word' id='word_1_46' title='bbox 2282 1206 2362 1275; x_wconf 90' lang='lat' dir='ltr'>in</span> <span class='ocrx_word' id='word_1_47' title='bbox 2421 1204 2696 1298; x_wconf 86' lang='lat' dir='ltr'>Anglia</span> <span class='ocrx_word' id='word_1_48' title='bbox 2756 1203 3249 1300; x_wconf 85' lang='lat' dir='ltr'>Hagustaldae</span> <span class='ocrx_word' id='word_1_49' title='bbox 3299 1204 3376 1273; x_wconf 90' lang='lat' dir='ltr'>in</span> 
     </span>
     <span class='ocr_line' id='line_1_7' title="bbox 577 1319 3379 1416; baseline -0.001 -24"><span class='ocrx_word' id='word_1_50' title='bbox 577 1324 990 1415; x_wconf 85' lang='lat' dir='ltr'>episcopatu</span> <span class='ocrx_word' id='word_1_51' title='bbox 1036 1344 1191 1404; x_wconf 87' lang='lat' dir='ltr'>suo,</span> <span class='ocrx_word' id='word_1_52' title='bbox 1238 1344 1383 1391; x_wconf 91' lang='lat' dir='ltr'>non</span> <span class='ocrx_word' id='word_1_53' title='bbox 1427 1323 1638 1416; x_wconf 87' lang='lat' dir='ltr'>longe</span> <span class='ocrx_word' id='word_1_54' title='bbox 1690 1319 1958 1414; x_wconf 86' lang='lat' dir='ltr'>Thyno</span> <span class='ocrx_word' id='word_1_55' title='bbox 2009 1343 2241 1404; x_wconf 88' lang='lat' dir='ltr'>amne,</span> <span class='ocrx_word' id='word_1_56' title='bbox 2294 1341 2483 1392; x_wconf 88' lang='lat' dir='ltr'>anno</span> <span class='ocrx_word' id='word_1_57' title='bbox 2520 1337 2987 1390; x_wconf 63' lang='lat' dir='ltr'>Dchxxvn</span> <span class='ocrx_word' id='word_1_58' title='bbox 3088 1320 3379 1411; x_wconf 87' lang='lat' dir='ltr'>Duplex</span> 
     </span>
     <span class='ocr_line' id='line_1_8' title="bbox 576 1436 3378 1533; baseline -0.002 -23"><span class='ocrx_word' id='word_1_59' title='bbox 576 1437 882 1510; x_wconf 88' lang='lat' dir='ltr'>Arnoldi</span> <span class='ocrx_word' id='word_1_60' title='bbox 921 1437 1230 1510; x_wconf 81' lang='lat' dir='ltr'>Uvionis</span> <span class='ocrx_word' id='word_1_61' title='bbox 1265 1461 1464 1508; x_wconf 90' lang='lat' dir='ltr'>error</span> <span class='ocrx_word' id='word_1_62' title='bbox 1495 1438 1622 1510; x_wconf 88' lang='lat' dir='ltr'>lib.</span> <span class='ocrx_word' id='word_1_63' title='bbox 1661 1456 1749 1508; x_wconf 82' lang='lat'>11.</span> <span class='ocrx_word' id='word_1_64' title='bbox 1797 1436 1964 1533; x_wconf 88' lang='lat' dir='ltr'>Lig.</span> <span class='ocrx_word' id='word_1_65' title='bbox 2000 1436 2219 1509; x_wconf 82' lang='lat' dir='ltr'><strong>Vitae</strong></span> <span class='ocrx_word' id='word_1_66' title='bbox 2262 1459 2417 1527; x_wconf 86' lang='lat' dir='ltr'>cap.</span> <span class='ocrx_word' id='word_1_67' title='bbox 2456 1455 2659 1507; x_wconf 78' lang='lat' dir='ltr'><strong>xxv·</strong></span> <span class='ocrx_word' id='word_1_68' title='bbox 2712 1457 2877 1506; x_wconf 90' lang='lat' dir='ltr'>nam</span> <span class='ocrx_word' id='word_1_69' title='bbox 2912 1436 3378 1528; x_wconf 87' lang='lat' dir='ltr'>archiepisco-</span> 
     </span>
     <span class='ocr_line' id='line_1_9' title="bbox 576 1551 3377 1646; baseline -0.001 -22"><span class='ocrx_word' id='word_1_70' title='bbox 576 1576 750 1646; x_wconf 86' lang='lat' dir='ltr'>pum</span> <span class='ocrx_word' id='word_1_71' title='bbox 787 1554 961 1626; x_wconf 83' lang='lat' dir='ltr'>facit</span> <span class='ocrx_word' id='word_1_72' title='bbox 991 1551 1543 1637; x_wconf 86' lang='lat' dir='ltr'>Eboracensem,</span> <span class='ocrx_word' id='word_1_73' title='bbox 1596 1564 1670 1624; x_wconf 89' lang='lat' dir='ltr'>et</span> <span class='ocrx_word' id='word_1_74' title='bbox 1715 1576 1872 1625; x_wconf 90' lang='lat' dir='ltr'>eam</span> <span class='ocrx_word' id='word_1_75' title='bbox 1919 1555 2157 1626; x_wconf 87' lang='lat' dir='ltr'>sedem</span> <span class='ocrx_word' id='word_1_76' title='bbox 2209 1553 2285 1624; x_wconf 91' lang='lat' dir='ltr'>S.</span> <span class='ocrx_word' id='word_1_77' title='bbox 2321 1551 2723 1624; x_wconf 89' lang='lat' dir='ltr'>Cuthberto</span> <span class='ocrx_word' id='word_1_78' title='bbox 2768 1552 3141 1644; x_wconf 82' lang='lat' dir='ltr'>reliquisse</span> <span class='ocrx_word' id='word_1_79' title='bbox 3174 1554 3377 1633; x_wconf 80' lang='lat' dir='ltr'>vult3</span> 
     </span>
     <span class='ocr_line' id='line_1_10' title="bbox 578 1669 1696 1762; baseline 0 -22"><span class='ocrx_word' id='word_1_80' title='bbox 578 1679 964 1762; x_wconf 90' lang='lat' dir='ltr'>utrumque</span> <span class='ocrx_word' id='word_1_81' title='bbox 999 1691 1170 1742; x_wconf 86' lang='lat' dir='ltr'>sane</span> <span class='ocrx_word' id='word_1_82' title='bbox 1204 1669 1696 1742; x_wconf 88' lang='lat' dir='ltr'>falsissimum.</span> 
     </span>
    </p>
   </div>
   <div class='ocr_carea' id='block_1_3' title="bbox 1477 1901 2462 1975">
    <p class='ocr_par' dir='ltr' id='par_1_3' title="bbox 1477 1901 2462 1975">
     <span class='ocr_line' id='line_1_11' title="bbox 1477 1901 2462 1975; baseline 0.001 -2"><span class='ocrx_word' id='word_1_83' title='bbox 1477 1902 1554 1974; x_wconf 88' lang='lat' dir='ltr'>S.</span> <span class='ocrx_word' id='word_1_84' title='bbox 1608 1901 2184 1975; x_wconf 85' lang='lat' dir='ltr'><strong>EGBERTUS.</strong></span> <span class='ocrx_word' id='word_1_85' title='bbox 2291 1905 2462 1974; x_wconf 84' lang='lat'>445.</span> 
     </span>
    </p>
   </div>
   <div class='ocr_carea' id='block_1_4' title="bbox 581 2135 3399 3272">
    <p class='ocr_par' dir='ltr' id='par_1_4' title="bbox 581 2135 3399 3272">
     <span class='ocr_line' id='line_1_12' title="bbox 583 2135 3386 2232; baseline -0.001 -26"><span class='ocrx_word' id='word_1_86' title='bbox 583 2146 624 2177; x_wconf 92' lang='lat'><strong>“</strong></span> <span class='ocrx_word' id='word_1_87' title='bbox 661 2135 1204 2209; x_wconf 75' lang='lat' dir='ltr'>MAGNIFICUS</span> <span class='ocrx_word' id='word_1_88' title='bbox 1253 2137 1543 2228; x_wconf 88' lang='lat' dir='ltr'>praesul</span> <span class='ocrx_word' id='word_1_89' title='bbox 1585 2136 1659 2206; x_wconf 90' lang='lat' dir='ltr'>S.</span> <span class='ocrx_word' id='word_1_90' title='bbox 1707 2135 2139 2232; x_wconf 89' lang='lat' dir='ltr'>Egbertus,&#39;&#39;</span> <span class='ocrx_word' id='word_1_91' title='bbox 2189 2138 2297 2207; x_wconf 89' lang='lat' dir='ltr'>ait</span> <span class='ocrx_word' id='word_1_92' title='bbox 2348 2137 2437 2206; x_wconf 93' lang='lat' dir='ltr'>B.</span> <span class='ocrx_word' id='word_1_93' title='bbox 2492 2137 2957 2208; x_wconf 85' lang='lat' dir='ltr'>Marcellinus</span> <span class='ocrx_word' id='word_1_94' title='bbox 3007 2138 3386 2229; x_wconf 84' lang='lat' dir='ltr'>presbyter</span> 
     </span>
     <span class='ocr_line' id='line_1_13' title="bbox 581 2249 3388 2343; baseline 0.001 -21"><span class='ocrx_word' id='word_1_95' title='bbox 581 2253 658 2323; x_wconf 88' lang='lat' dir='ltr'>in</span> <span class='ocrx_word' id='word_1_96' title='bbox 690 2249 870 2324; x_wconf 90' lang='lat' dir='ltr'>Vita</span> <span class='ocrx_word' id='word_1_97' title='bbox 903 2253 978 2324; x_wconf 90' lang='lat' dir='ltr'>S.</span> <span class='ocrx_word' id='word_1_98' title='bbox 1014 2252 1333 2325; x_wconf 89' lang='lat' dir='ltr'>Suiberti</span> <span class='ocrx_word' id='word_1_99' title='bbox 1367 2273 1520 2343; x_wconf 92' lang='lat' dir='ltr'>cap.</span> <span class='ocrx_word' id='word_1_100' title='bbox 1556 2270 1670 2324; x_wconf 81' lang='lat' dir='ltr'>VI.</span> <span class='ocrx_word' id='word_1_101' title='bbox 1710 2263 1754 2294; x_wconf 90' lang='lat'><strong>“</strong></span> <span class='ocrx_word' id='word_1_102' title='bbox 1787 2254 2040 2325; x_wconf 90' lang='lat' dir='ltr'>sitiens</span> <span class='ocrx_word' id='word_1_103' title='bbox 2073 2261 2146 2323; x_wconf 91' lang='lat' dir='ltr'>et</span> <span class='ocrx_word' id='word_1_104' title='bbox 2181 2252 2521 2324; x_wconf 86' lang='lat' dir='ltr'>affectans</span> <span class='ocrx_word' id='word_1_105' title='bbox 2556 2255 2861 2324; x_wconf 87' lang='lat' dir='ltr'>salutem</span> <span class='ocrx_word' id='word_1_106' title='bbox 2897 2255 3221 2324; x_wconf 89' lang='lat' dir='ltr'>omnium</span> <span class='ocrx_word' id='word_1_107' title='bbox 3264 2253 3388 2324; x_wconf 86' lang='lat' dir='ltr'>ho·</span> 
     </span>
     <span class='ocr_line' id='line_1_14' title="bbox 581 2367 3387 2464; baseline 0 -26"><span class='ocrx_word' id='word_1_108' title='bbox 581 2370 884 2450; x_wconf 84' lang='lat' dir='ltr'>minum,</span> <span class='ocrx_word' id='word_1_109' title='bbox 935 2379 1009 2440; x_wconf 91' lang='lat' dir='ltr'>et</span> <span class='ocrx_word' id='word_1_110' title='bbox 1056 2369 1435 2461; x_wconf 83' lang='lat' dir='ltr'>praecipue</span> <span class='ocrx_word' id='word_1_111' title='bbox 1480 2391 1924 2464; x_wconf 86' lang='lat' dir='ltr'>paganorum</span> <span class='ocrx_word' id='word_1_112' title='bbox 1979 2367 2391 2452; x_wconf 86' lang='lat' dir='ltr'>Frisonum,</span> <span class='ocrx_word' id='word_1_113' title='bbox 2441 2369 2833 2441; x_wconf 81' lang='lat' dir='ltr'>destinavit</span> <span class='ocrx_word' id='word_1_114' title='bbox 2881 2371 2971 2442; x_wconf 86' lang='lat' dir='ltr'>ad</span> <span class='ocrx_word' id='word_1_115' title='bbox 3023 2371 3183 2440; x_wconf 87' lang='lat' dir='ltr'>illos</span> <span class='ocrx_word' id='word_1_116' title='bbox 3233 2388 3387 2440; x_wconf 71' lang='grc' dir='ltr'>ΧΠ.</span> 
     </span>
     <span class='ocr_line' id='line_1_15' title="bbox 581 2484 3393 2582; baseline 0 -28"><span class='ocrx_word' id='word_1_117' title='bbox 581 2484 1058 2576; x_wconf 84' lang='lat' dir='ltr'>presbyteros,</span> <span class='ocrx_word' id='word_1_118' title='bbox 1091 2486 1218 2576; x_wconf 87' lang='lat' dir='ltr'>qui</span> <span class='ocrx_word' id='word_1_119' title='bbox 1254 2493 1426 2556; x_wconf 87' lang='lat' dir='ltr'>sunt</span> <span class='ocrx_word' id='word_1_120' title='bbox 1460 2485 1998 2568; x_wconf 74' lang='lat' dir='ltr'>WillibrorduS,</span> <span class='ocrx_word' id='word_1_121' title='bbox 2033 2485 2436 2568; x_wconf 74' lang='lat' dir='ltr'>SuibertuS,</span> <span class='ocrx_word' id='word_1_122' title='bbox 2472 2485 2688 2568; x_wconf 90' lang='lat' dir='ltr'>Acca,</span> <span class='ocrx_word' id='word_1_123' title='bbox 2725 2487 3171 2582; x_wconf 83' lang='lat' dir='ltr'>wigbertus,</span> <span class='ocrx_word' id='word_1_124' title='bbox 3206 2486 3393 2556; x_wconf 92' lang='lat' dir='ltr'>Wil-</span> 
     </span>
     <span class='ocr_line' id='line_1_16' title="bbox 585 2598 3394 2686; baseline 0.001 -16"><span class='ocrx_word' id='word_1_125' title='bbox 585 2601 915 2683; x_wconf 78' lang='lat' dir='ltr'>libaldus,</span> <span class='ocrx_word' id='word_1_126' title='bbox 943 2600 1428 2684; x_wconf 89' lang='lat' dir='ltr'>Winibaldus,</span> <span class='ocrx_word' id='word_1_127' title='bbox 1463 2600 1859 2684; x_wconf 87' lang='lat' dir='ltr'>Lebuinus,</span> <span class='ocrx_word' id='word_1_128' title='bbox 1893 2602 2038 2672; x_wconf 84' lang='lat' dir='ltr'>duo</span> <span class='ocrx_word' id='word_1_129' title='bbox 2069 2598 2384 2685; x_wconf 86' lang='lat' dir='ltr'>Ewaldi,</span> <span class='ocrx_word' id='word_1_130' title='bbox 2420 2599 2947 2686; x_wconf 85' lang='lat' dir='ltr'>Werenfridus,</span> <span class='ocrx_word' id='word_1_131' title='bbox 2982 2613 3055 2673; x_wconf 91' lang='lat' dir='ltr'>et</span> <span class='ocrx_word' id='word_1_132' title='bbox 3090 2601 3394 2674; x_wconf 83' lang='lat' dir='ltr'>Marcel-</span> 
     </span>
     <span class='ocr_line' id='line_1_17' title="bbox 583 2715 3393 2812; baseline 0 -26"><span class='ocrx_word' id='word_1_133' title='bbox 583 2717 776 2788; x_wconf 88' lang='lat' dir='ltr'>linus</span> <span class='ocrx_word' id='word_1_134' title='bbox 802 2718 861 2786; x_wconf 86' lang='lat'>:”</span> <span class='ocrx_word' id='word_1_135' title='bbox 912 2718 1065 2810; x_wconf 91' lang='lat' dir='ltr'>qui,</span> <span class='ocrx_word' id='word_1_136' title='bbox 1109 2719 1245 2788; x_wconf 87' lang='lat' dir='ltr'>etsi</span> <span class='ocrx_word' id='word_1_137' title='bbox 1293 2740 1441 2789; x_wconf 90' lang='lat' dir='ltr'>non</span> <span class='ocrx_word' id='word_1_138' title='bbox 1486 2739 1732 2789; x_wconf 89' lang='lat' dir='ltr'>omnes</span> <span class='ocrx_word' id='word_1_139' title='bbox 1776 2716 1964 2788; x_wconf 86' lang='lat' dir='ltr'>forte</span> <span class='ocrx_word' id='word_1_140' title='bbox 2009 2715 2228 2798; x_wconf 90' lang='lat' dir='ltr'>Scoti,</span> <span class='ocrx_word' id='word_1_141' title='bbox 2264 2724 2341 2788; x_wconf 87' lang='lat' dir='ltr'>at</span> <span class='ocrx_word' id='word_1_142' title='bbox 2375 2719 2608 2812; x_wconf 88' lang='lat' dir='ltr'>major</span> <span class='ocrx_word' id='word_1_143' title='bbox 2640 2728 2829 2790; x_wconf 90' lang='lat' dir='ltr'>certe</span> <span class='ocrx_word' id='word_1_144' title='bbox 2864 2741 3055 2810; x_wconf 89' lang='lat' dir='ltr'>pars,</span> <span class='ocrx_word' id='word_1_145' title='bbox 3101 2729 3188 2791; x_wconf 91' lang='lat' dir='ltr'>ut</span> <span class='ocrx_word' id='word_1_146' title='bbox 3220 2717 3393 2790; x_wconf 88' lang='lat' dir='ltr'>alibi</span> 
     </span>
     <span class='ocr_line' id='line_1_18' title="bbox 583 2832 3395 2929; baseline -0.001 -23"><span class='ocrx_word' id='word_1_147' title='bbox 583 2835 720 2906; x_wconf 91' lang='lat' dir='ltr'>hoc</span> <span class='ocrx_word' id='word_1_148' title='bbox 753 2855 965 2926; x_wconf 89' lang='lat' dir='ltr'>opere</span> <span class='ocrx_word' id='word_1_149' title='bbox 999 2834 1321 2906; x_wconf 86' lang='lat' dir='ltr'>ostendo.</span> <span class='ocrx_word' id='word_1_150' title='bbox 1383 2833 1706 2906; x_wconf 75' lang='lat' dir='ltr'>Francis.</span> <span class='ocrx_word' id='word_1_151' title='bbox 1737 2833 2174 2904; x_wconf 86' lang='lat' dir='ltr'>Godwinus:</span> <span class='ocrx_word' id='word_1_152' title='bbox 2215 2841 2260 2874; x_wconf 78' lang='lat'>‘⁶</span> <span class='ocrx_word' id='word_1_153' title='bbox 2284 2832 2653 2929; x_wconf 86' lang='lat' dir='ltr'>Egbertus</span> <span class='ocrx_word' id='word_1_154' title='bbox 2680 2834 2957 2918; x_wconf 89' lang='lat' dir='ltr'>Scotus,</span> <span class='ocrx_word' id='word_1_155' title='bbox 2985 2843 3136 2920; x_wconf 87' lang='lat' dir='ltr'>aut,</span> <span class='ocrx_word' id='word_1_156' title='bbox 3160 2845 3248 2906; x_wconf 91' lang='lat' dir='ltr'>ut</span> <span class='ocrx_word' id='word_1_157' title='bbox 3270 2835 3395 2906; x_wconf 86' lang='lat' dir='ltr'>alii</span> 
     </span>
     <span class='ocr_line' id='line_1_19' title="bbox 583 2945 3399 3032; baseline 0 -12"><span class='ocrx_word' id='word_1_158' title='bbox 583 2948 812 3030; x_wconf 88' lang='lat' dir='ltr'>aiunt,</span> <span class='ocrx_word' id='word_1_159' title='bbox 863 2947 942 3018; x_wconf 90' lang='lat' dir='ltr'>in</span> <span class='ocrx_word' id='word_1_160' title='bbox 987 2945 1230 3019; x_wconf 83' lang='lat' dir='ltr'>Scotia</span> <span class='ocrx_word' id='word_1_161' title='bbox 1275 2949 1675 3032; x_wconf 86' lang='lat' dir='ltr'>ordinatus,</span> <span class='ocrx_word' id='word_1_162' title='bbox 1723 2949 2325 3021; x_wconf 82' lang='lat' dir='ltr'>monasteriorum</span> <span class='ocrx_word' id='word_1_163' title='bbox 2370 2951 2616 3024; x_wconf 88' lang='lat' dir='ltr'>Sancti</span> <span class='ocrx_word' id='word_1_164' title='bbox 2649 2949 3078 3023; x_wconf 88' lang='lat' dir='ltr'>Columbani</span> <span class='ocrx_word' id='word_1_165' title='bbox 3128 2952 3207 3022; x_wconf 91' lang='lat' dir='ltr'>in</span> <span class='ocrx_word' id='word_1_166' title='bbox 3260 2949 3399 3022; x_wconf 92' lang='lat' dir='ltr'>Hi-</span> 
     </span>
     <span class='ocr_line' id='line_1_20' title="bbox 582 3063 3390 3140; baseline 0 -4"><span class='ocrx_word' id='word_1_167' title='bbox 582 3065 834 3136; x_wconf 88' lang='lat' dir='ltr'>bernia</span> <span class='ocrx_word' id='word_1_168' title='bbox 881 3073 955 3135; x_wconf 91' lang='lat' dir='ltr'>et</span> <span class='ocrx_word' id='word_1_169' title='bbox 1006 3063 1398 3136; x_wconf 84' lang='lat' dir='ltr'>Britannia</span> <span class='ocrx_word' id='word_1_170' title='bbox 1445 3073 1680 3134; x_wconf 92' lang='lat' dir='ltr'>rector</span> <span class='ocrx_word' id='word_1_171' title='bbox 1729 3074 1799 3135; x_wconf 89' lang='lat' dir='ltr'>et</span> <span class='ocrx_word' id='word_1_172' title='bbox 1853 3064 2137 3136; x_wconf 79' lang='lat' dir='ltr'>abbas.’&#39;</span> <span class='ocrx_word' id='word_1_173' title='bbox 2241 3066 2697 3138; x_wconf 87' lang='lat' dir='ltr'>Trithemius</span> <span class='ocrx_word' id='word_1_174' title='bbox 2746 3067 2870 3139; x_wconf 90' lang='lat' dir='ltr'>lib.</span> <span class='ocrx_word' id='word_1_175' title='bbox 2918 3086 3041 3138; x_wconf 87' lang='lat'>111.</span> <span class='ocrx_word' id='word_1_176' title='bbox 3093 3069 3183 3138; x_wconf 86' lang='lat' dir='ltr'>de</span> <span class='ocrx_word' id='word_1_177' title='bbox 3232 3067 3390 3140; x_wconf 90' lang='lat' dir='ltr'>Vir.</span> 
     </span>
     <span class='ocr_line' id='line_1_21' title="bbox 585 3179 3397 3272; baseline 0.002 -22"><span class='ocrx_word' id='word_1_178' title='bbox 585 3180 922 3251; x_wconf 86' lang='lat' dir='ltr'>illustrib.</span> <span class='ocrx_word' id='word_1_179' title='bbox 965 3180 1222 3252; x_wconf 88' lang='lat' dir='ltr'>Ordin.</span> <span class='ocrx_word' id='word_1_180' title='bbox 1261 3181 1334 3252; x_wconf 94' lang='lat' dir='ltr'>S.</span> <span class='ocrx_word' id='word_1_181' title='bbox 1374 3179 1749 3252; x_wconf 87' lang='lat' dir='ltr'>Benedicti</span> <span class='ocrx_word' id='word_1_182' title='bbox 1776 3202 1930 3272; x_wconf 88' lang='lat' dir='ltr'>cap.</span> <span class='ocrx_word' id='word_1_183' title='bbox 1961 3198 2222 3254; x_wconf 82' lang='lat' dir='ltr'><strong>cxxx.</strong></span> <span class='ocrx_word' id='word_1_184' title='bbox 2305 3181 2739 3255; x_wconf 86' lang='lat' dir='ltr'>Coenobitae</span> <span class='ocrx_word' id='word_1_185' title='bbox 2767 3182 3292 3255; x_wconf 88' lang='lat' dir='ltr'>Medelocenses</span> <span class='ocrx_word' id='word_1_186' title='bbox 3319 3184 3397 3255; x_wconf 90' lang='lat' dir='ltr'>in</span> 
     </span>
    </p>
   </div>
   <div class='ocr_carea' id='block_1_5' title="bbox 589 3293 3553 3392">
    <p class='ocr_par' dir='ltr' id='par_1_5' title="bbox 589 3293 3553 3392">
     <span class='ocr_line' id='line_1_22' title="bbox 589 3293 3553 3392; baseline 0.002 -26"><span class='ocrx_word' id='word_1_187' title='bbox 589 3294 766 3367; x_wconf 82' lang='lat' dir='ltr'>Vita</span> <span class='ocrx_word' id='word_1_188' title='bbox 800 3293 1046 3366; x_wconf 89' lang='lat' dir='ltr'>Sancti</span> <span class='ocrx_word' id='word_1_189' title='bbox 1079 3295 1462 3368; x_wconf 86' lang='lat' dir='ltr'>Adalberti</span> <span class='ocrx_word' id='word_1_190' title='bbox 1496 3318 1649 3389; x_wconf 90' lang='lat' dir='ltr'>cap.</span> <span class='ocrx_word' id='word_1_191' title='bbox 1682 3315 1734 3367; x_wconf 90' lang='lat'>1.</span> <span class='ocrx_word' id='word_1_192' title='bbox 1777 3306 1820 3338; x_wconf 91' lang='lat'><strong>“</strong></span> <span class='ocrx_word' id='word_1_193' title='bbox 1847 3294 1921 3366; x_wconf 87' lang='lat' dir='ltr'>S.</span> <span class='ocrx_word' id='word_1_194' title='bbox 1957 3294 2350 3392; x_wconf 82' lang='lat' dir='ltr'>EgbertuS,</span> <span class='ocrx_word' id='word_1_195' title='bbox 2384 3300 2693 3390; x_wconf 86' lang='lat' dir='ltr'>patriam</span> <span class='ocrx_word' id='word_1_196' title='bbox 2723 3308 3195 3392; x_wconf 88' lang='lat' dir='ltr'>parentesque</span> <span class='ocrx_word' id='word_1_197' title='bbox 3229 3323 3397 3372; x_wconf 89' lang='lat' dir='ltr'>suos</span> <span class='ocrx_word' id='word_1_198' title='bbox 3544 3327 3553 3336; x_wconf 90' lang='lat'><strong>·</strong></span> 
     </span>
    </p>
   </div>
   <div class='ocr_carea' id='block_1_6' title="bbox 585 3412 3414 4900">
    <p class='ocr_par' dir='ltr' id='par_1_6' title="bbox 585 3412 3414 4900">
     <span class='ocr_line' id='line_1_23' title="bbox 585 3412 3396 3512; baseline 0.001 -28"><span class='ocrx_word' id='word_1_199' title='bbox 585 3412 940 3494; x_wconf 86' lang='lat' dir='ltr'>deserens,</span> <span class='ocrx_word' id='word_1_200' title='bbox 1001 3413 1410 3485; x_wconf 88' lang='lat' dir='ltr'>remotioris</span> <span class='ocrx_word' id='word_1_201' title='bbox 1471 3415 1665 3486; x_wconf 81' lang='lat' dir='ltr'>vitae</span> <span class='ocrx_word' id='word_1_202' title='bbox 1715 3414 2018 3506; x_wconf 89' lang='lat' dir='ltr'>cupidus</span> <span class='ocrx_word' id='word_1_203' title='bbox 2067 3413 2148 3483; x_wconf 91' lang='lat' dir='ltr'>in</span> <span class='ocrx_word' id='word_1_204' title='bbox 2202 3412 2633 3486; x_wconf 87' lang='lat' dir='ltr'>Hiberniam</span> <span class='ocrx_word' id='word_1_205' title='bbox 2683 3416 2992 3498; x_wconf 86' lang='lat' dir='ltr'>secessit,</span> <span class='ocrx_word' id='word_1_206' title='bbox 3046 3417 3137 3485; x_wconf 85' lang='lat' dir='ltr'>ad</span> <span class='ocrx_word' id='word_1_207' title='bbox 3189 3418 3396 3512; x_wconf 89' lang='lat' dir='ltr'>cujus</span> 
     </span>
     <span class='ocr_line' id='line_1_24' title="bbox 587 3526 3402 3624; baseline 0.002 -26"><span class='ocrx_word' id='word_1_208' title='bbox 587 3526 856 3600; x_wconf 87' lang='lat' dir='ltr'>famam</span> <span class='ocrx_word' id='word_1_209' title='bbox 892 3530 1222 3600; x_wconf 81' lang='lat' dir='ltr'>certatim</span> <span class='ocrx_word' id='word_1_210' title='bbox 1255 3530 1348 3600; x_wconf 85' lang='lat' dir='ltr'>ad</span> <span class='ocrx_word' id='word_1_211' title='bbox 1381 3552 1546 3602; x_wconf 91' lang='lat' dir='ltr'>eum</span> <span class='ocrx_word' id='word_1_212' title='bbox 1581 3539 1734 3601; x_wconf 84' lang='lat' dir='ltr'>tam</span> <span class='ocrx_word' id='word_1_213' title='bbox 1783 3528 1979 3601; x_wconf 89' lang='lat' dir='ltr'>Scoti</span> <span class='ocrx_word' id='word_1_214' title='bbox 2028 3552 2251 3623; x_wconf 87' lang='lat' dir='ltr'>quam</span> <span class='ocrx_word' id='word_1_215' title='bbox 2300 3529 2527 3624; x_wconf 85' lang='lat' dir='ltr'>Angli</span> <span class='ocrx_word' id='word_1_216' title='bbox 2579 3529 3015 3603; x_wconf 87' lang='lat' dir='ltr'>confluentes</span> <span class='ocrx_word' id='word_1_217' title='bbox 3064 3534 3144 3604; x_wconf 90' lang='lat' dir='ltr'>in</span> <span class='ocrx_word' id='word_1_218' title='bbox 3195 3535 3402 3604; x_wconf 84' lang='lat' dir='ltr'>disci·</span> 
     </span>
     <span class='ocr_line' id='line_1_25' title="bbox 587 3643 3401 3737; baseline 0.002 -24"><span class='ocrx_word' id='word_1_219' title='bbox 587 3644 860 3734; x_wconf 88' lang='lat' dir='ltr'>plinam</span> <span class='ocrx_word' id='word_1_220' title='bbox 895 3667 972 3716; x_wconf 90' lang='lat' dir='ltr'>se</span> <span class='ocrx_word' id='word_1_221' title='bbox 1017 3645 1539 3718; x_wconf 85' lang='lat' dir='ltr'>tradiderunt.”</span> <span class='ocrx_word' id='word_1_222' title='bbox 1638 3643 1829 3718; x_wconf 92' lang='lat' dir='ltr'>Vide</span> <span class='ocrx_word' id='word_1_223' title='bbox 1879 3647 2073 3737; x_wconf 87' lang='lat' dir='ltr'>apud</span> <span class='ocrx_word' id='word_1_224' title='bbox 2124 3645 2474 3717; x_wconf 88' lang='lat' dir='ltr'>Laurent.</span> <span class='ocrx_word' id='word_1_225' title='bbox 2528 3645 2829 3717; x_wconf 88' lang='lat' dir='ltr'>Surium</span> <span class='ocrx_word' id='word_1_226' title='bbox 2879 3657 3053 3718; x_wconf 89' lang='lat' dir='ltr'>tom.</span> <span class='ocrx_word' id='word_1_227' title='bbox 3110 3667 3235 3720; x_wconf 92' lang='lat'><strong>111.</strong></span> <span class='ocrx_word' id='word_1_228' title='bbox 3286 3650 3401 3720; x_wconf 88' lang='lat' dir='ltr'>die</span> 
     </span>
     <span class='ocr_line' id='line_1_26' title="bbox 595 3759 3401 3856; baseline 0.002 -27"><span class='ocrx_word' id='word_1_229' title='bbox 595 3777 798 3831; x_wconf 79' lang='lat' dir='ltr'><strong>xxv,</strong></span> <span class='ocrx_word' id='word_1_230' title='bbox 857 3759 907 3830; x_wconf 87' lang='lat' dir='ltr'><strong>J</strong></span> <span class='ocrx_word' id='word_1_231' title='bbox 909 3761 1088 3832; x_wconf 91' lang='lat' dir='ltr'>unii.</span> <span class='ocrx_word' id='word_1_232' title='bbox 1195 3769 1240 3802; x_wconf 77' lang='lat'>‘⁶</span> <span class='ocrx_word' id='word_1_233' title='bbox 1273 3759 1646 3856; x_wconf 86' lang='lat' dir='ltr'>Egbertus</span> <span class='ocrx_word' id='word_1_234' title='bbox 1699 3762 1818 3832; x_wconf 85' lang='lat' dir='ltr'>vir</span> <span class='ocrx_word' id='word_1_235' title='bbox 1873 3763 2229 3846; x_wconf 55' lang='lat' dir='ltr'>sanctus?</span> <span class='ocrx_word' id='word_1_236' title='bbox 2278 3763 2386 3833; x_wconf 89' lang='lat' dir='ltr'>ait</span> <span class='ocrx_word' id='word_1_237' title='bbox 2446 3761 2911 3835; x_wconf 86' lang='lat' dir='ltr'>Hermannus</span> <span class='ocrx_word' id='word_1_238' title='bbox 2970 3762 3401 3836; x_wconf 86' lang='lat' dir='ltr'>Contractus</span> 
     </span>
     <span class='ocr_line' id='line_1_27' title="bbox 589 3873 3402 3972; baseline 0.002 -26"><span class='ocrx_word' id='word_1_239' title='bbox 589 3873 948 3948; x_wconf 87' lang='lat' dir='ltr'>Chronico</span> <span class='ocrx_word' id='word_1_240' title='bbox 973 3877 1066 3948; x_wconf 85' lang='lat' dir='ltr'>ad</span> <span class='ocrx_word' id='word_1_241' title='bbox 1093 3898 1360 3947; x_wconf 87' lang='lat' dir='ltr'>annum</span> <span class='ocrx_word' id='word_1_242' title='bbox 1392 3894 1636 3948; x_wconf 86' lang='lat' dir='ltr'>Dccx.</span> <span class='ocrx_word' id='word_1_243' title='bbox 1673 3885 1717 3918; x_wconf 78' lang='lat'>‘⁴</span> <span class='ocrx_word' id='word_1_244' title='bbox 1751 3876 2000 3949; x_wconf 82' lang='lat' dir='ltr'>Scotos</span> <span class='ocrx_word' id='word_1_245' title='bbox 2033 3878 2355 3972; x_wconf 86' lang='lat' dir='ltr'>legitime</span> <span class='ocrx_word' id='word_1_246' title='bbox 2386 3880 2655 3971; x_wconf 87' lang='lat' dir='ltr'>pascha</span> <span class='ocrx_word' id='word_1_247' title='bbox 2686 3879 3039 3951; x_wconf 86' lang='lat' dir='ltr'>celebrare</span> <span class='ocrx_word' id='word_1_248' title='bbox 3074 3881 3318 3952; x_wconf 90' lang='lat' dir='ltr'>docuit</span> <span class='ocrx_word' id='word_1_249' title='bbox 3338 3883 3402 3965; x_wconf 89' lang='lat'>;’&#39;</span> 
     </span>
     <span class='ocr_line' id='line_1_28' title="bbox 592 3992 3403 4088; baseline 0.001 -26"><span class='ocrx_word' id='word_1_250' title='bbox 592 3993 784 4084; x_wconf 87' lang='lat' dir='ltr'>quod</span> <span class='ocrx_word' id='word_1_251' title='bbox 819 4014 1008 4064; x_wconf 86' lang='lat' dir='ltr'>anno</span> <span class='ocrx_word' id='word_1_252' title='bbox 1025 4009 1327 4063; x_wconf 36' lang='lat' dir='ltr'>nucem.</span> <span class='ocrx_word' id='word_1_253' title='bbox 1363 3994 1748 4088; x_wconf 86' lang='lat' dir='ltr'>contigisse</span> <span class='ocrx_word' id='word_1_254' title='bbox 1783 3995 1946 4065; x_wconf 86' lang='lat' dir='ltr'>vult</span> <span class='ocrx_word' id='word_1_255' title='bbox 1977 3993 2295 4088; x_wconf 90' lang='lat' dir='ltr'>Sigeber.</span> <span class='ocrx_word' id='word_1_256' title='bbox 2333 3992 2911 4068; x_wconf 85' lang='lat' dir='ltr'>Gemblacensis:</span> <span class='ocrx_word' id='word_1_257' title='bbox 2966 4004 3130 4068; x_wconf 89' lang='lat' dir='ltr'>orta</span> <span class='ocrx_word' id='word_1_258' title='bbox 3160 4007 3403 4068; x_wconf 87' lang='lat' dir='ltr'>autem</span> 
     </span>
     <span class='ocr_line' id='line_1_29' title="bbox 593 4108 3403 4206; baseline 0.001 -26"><span class='ocrx_word' id='word_1_259' title='bbox 593 4131 678 4180; x_wconf 86' lang='lat' dir='ltr'>ea</span> <span class='ocrx_word' id='word_1_260' title='bbox 743 4109 1233 4180; x_wconf 82' lang='lat' dir='ltr'>controversia</span> <span class='ocrx_word' id='word_1_261' title='bbox 1297 4108 1535 4181; x_wconf 85' lang='lat' dir='ltr'>fuerat</span> <span class='ocrx_word' id='word_1_262' title='bbox 1602 4133 1793 4182; x_wconf 82' lang='lat' dir='ltr'>anno</span> <span class='ocrx_word' id='word_1_263' title='bbox 1853 4126 2196 4180; x_wconf 76' lang='lat' dir='ltr'>DcLXIV.</span> <span class='ocrx_word' id='word_1_264' title='bbox 2266 4119 2349 4182; x_wconf 89' lang='lat' dir='ltr'>ut</span> <span class='ocrx_word' id='word_1_265' title='bbox 2410 4111 2601 4182; x_wconf 88' lang='lat' dir='ltr'>idem</span> <span class='ocrx_word' id='word_1_266' title='bbox 2662 4109 3079 4206; x_wconf 86' lang='lat' dir='ltr'>Sigebertus</span> <span class='ocrx_word' id='word_1_267' title='bbox 3140 4114 3403 4185; x_wconf 88' lang='lat' dir='ltr'>docuit.</span> 
     </span>
     <span class='ocr_line' id='line_1_30' title="bbox 595 4221 1042 4318; baseline 0 -25"><span class='ocrx_word' id='word_1_268' title='bbox 595 4221 785 4318; x_wconf 75' lang='lat' dir='ltr'>EJus</span> <span class='ocrx_word' id='word_1_269' title='bbox 819 4234 1042 4295; x_wconf 75' lang='lat' dir='ltr'>suntt</span> 
     </span>
     <span class='ocr_line' id='line_1_31' title="bbox 891 4339 2701 4416; baseline 0.003 -6"><span class='ocrx_word' id='word_1_270' title='bbox 891 4339 1006 4410; x_wconf 93' lang='lat' dir='ltr'>De</span> <span class='ocrx_word' id='word_1_271' title='bbox 1042 4340 1338 4411; x_wconf 89' lang='lat' dir='ltr'>Ritibus</span> <span class='ocrx_word' id='word_1_272' title='bbox 1372 4339 1906 4413; x_wconf 81' lang='lat' dir='ltr'>catholicorum</span> <span class='ocrx_word' id='word_1_273' title='bbox 2484 4344 2611 4416; x_wconf 90' lang='lat' dir='ltr'>lib.</span> <span class='ocrx_word' id='word_1_274' title='bbox 2651 4362 2701 4415; x_wconf 92' lang='lat'>1.</span> 
     </span>
     <span class='ocr_line' id='line_1_32' title="bbox 899 4453 2711 4532; baseline 0.004 -7"><span class='ocrx_word' id='word_1_275' title='bbox 899 4453 1014 4526; x_wconf 91' lang='lat' dir='ltr'>De</span> <span class='ocrx_word' id='word_1_276' title='bbox 1051 4455 1380 4526; x_wconf 86' lang='lat' dir='ltr'>Paschali</span> <span class='ocrx_word' id='word_1_277' title='bbox 1417 4457 1939 4529; x_wconf 89' lang='lat' dir='ltr'>Observatione</span> <span class='ocrx_word' id='word_1_278' title='bbox 2494 4461 2619 4532; x_wconf 89' lang='lat' dir='ltr'>lib.</span> <span class='ocrx_word' id='word_1_279' title='bbox 2660 4479 2711 4532; x_wconf 93' lang='lat'>1.</span> 
     </span>
     <span class='ocr_line' id='line_1_33' title="bbox 910 4569 2713 4648; baseline 0.002 -6"><span class='ocrx_word' id='word_1_280' title='bbox 910 4569 1306 4642; x_wconf 89' lang='lat' dir='ltr'>Conciones</span> <span class='ocrx_word' id='word_1_281' title='bbox 1342 4573 1585 4643; x_wconf 86' lang='lat' dir='ltr'>variae</span> <span class='ocrx_word' id='word_1_282' title='bbox 2499 4576 2621 4648; x_wconf 90' lang='lat' dir='ltr'>lib.</span> <span class='ocrx_word' id='word_1_283' title='bbox 2661 4595 2713 4646; x_wconf 91' lang='lat'>1.</span> 
     </span>
     <span class='ocr_line' id='line_1_34' title="bbox 700 4687 3411 4779; baseline 0.001 -20"><span class='ocrx_word' id='word_1_284' title='bbox 700 4687 927 4772; x_wconf 89' lang='lat' dir='ltr'>Obiit,</span> <span class='ocrx_word' id='word_1_285' title='bbox 974 4689 1146 4757; x_wconf 88' lang='lat' dir='ltr'>dum</span> <span class='ocrx_word' id='word_1_286' title='bbox 1193 4689 1272 4758; x_wconf 89' lang='lat' dir='ltr'>in</span> <span class='ocrx_word' id='word_1_287' title='bbox 1306 4687 1548 4759; x_wconf 87' lang='lat' dir='ltr'>Scotia</span> <span class='ocrx_word' id='word_1_288' title='bbox 1597 4690 1790 4779; x_wconf 87' lang='lat' dir='ltr'>apud</span> <span class='ocrx_word' id='word_1_289' title='bbox 1843 4712 2011 4760; x_wconf 89' lang='lat' dir='ltr'>suos</span> <span class='ocrx_word' id='word_1_290' title='bbox 2063 4690 2255 4762; x_wconf 82' lang='lat' dir='ltr'>cives</span> <span class='ocrx_word' id='word_1_291' title='bbox 2304 4693 2867 4776; x_wconf 88' lang='lat' dir='ltr'>concionaretur,</span> <span class='ocrx_word' id='word_1_292' title='bbox 2922 4715 3111 4764; x_wconf 89' lang='lat' dir='ltr'>anno</span> <span class='ocrx_word' id='word_1_293' title='bbox 3156 4696 3411 4765; x_wconf 89' lang='lat' dir='ltr'>aetatis</span> 
     </span>
     <span class='ocr_line' id='line_1_35' title="bbox 611 4800 3414 4900; baseline 0.002 -26"><span class='ocrx_word' id='word_1_294' title='bbox 611 4821 747 4874; x_wconf 80' lang='lat' dir='ltr'>xc·</span> <span class='ocrx_word' id='word_1_295' title='bbox 801 4802 878 4874; x_wconf 83' lang='lat' dir='ltr'>M</span> <span class='ocrx_word' id='word_1_296' title='bbox 886 4803 1146 4875; x_wconf 87' lang='lat' dir='ltr'>ordaco</span> <span class='ocrx_word' id='word_1_297' title='bbox 1196 4804 1388 4894; x_wconf 87' lang='lat' dir='ltr'>apud</span> <span class='ocrx_word' id='word_1_298' title='bbox 1440 4800 1688 4875; x_wconf 88' lang='lat' dir='ltr'>Scotos</span> <span class='ocrx_word' id='word_1_299' title='bbox 1738 4816 2108 4900; x_wconf 87' lang='lat' dir='ltr'>regnante,</span> <span class='ocrx_word' id='word_1_300' title='bbox 2160 4828 2352 4878; x_wconf 88' lang='lat' dir='ltr'>anno</span> <span class='ocrx_word' id='word_1_301' title='bbox 2384 4810 2597 4880; x_wconf 84' lang='lat' dir='ltr'>salut.</span> <span class='ocrx_word' id='word_1_302' title='bbox 2636 4825 3041 4882; x_wconf 76' lang='lat' dir='ltr'>Dccxxlx.</span> <span class='ocrx_word' id='word_1_303' title='bbox 3076 4819 3161 4880; x_wconf 92' lang='lat' dir='ltr'>ut</span> <span class='ocrx_word' id='word_1_304' title='bbox 3194 4831 3414 4881; x_wconf 88' lang='lat' dir='ltr'>anna-</span> 
     </span>
    </p>
   </div>
  </div>
 </body>
</html>
