<?xml version="1.0" encoding="UTF-8"?>
<!DOCTYPE html PUBLIC "-//W3C//DTD XHTML 1.0 Transitional//EN"
    "http://www.w3.org/TR/xhtml1/DTD/xhtml1-transitional.dtd">
<html xmlns="http://www.w3.org/1999/xhtml" xml:lang="en" lang="en">
 <head>
  <title>
</title>
<meta http-equiv="Content-Type" content="text/html;charset=utf-8" />
  <meta name='ocr-system' content='tesseract 3.04.00' />
  <meta name='ocr-capabilities' content='ocr_page ocr_carea ocr_par ocr_line ocrx_word'/>
</head>
<body>
  <div class='ocr_page' id='page_1' title='image "./thomaedempsteri00unkngoog_0229.png"; bbox 0 0 4384 5817; ppageno 0'>
   <div class='ocr_carea' id='block_1_1' title="bbox 1073 560 3211 630">
    <p class='ocr_par' dir='ltr' id='par_1_1' title="bbox 1073 560 3211 630">
     <span class='ocr_line' id='line_1_1' title="bbox 1073 560 3211 630; baseline 0.002 -6"><span class='ocrx_word' id='word_1_1' title='bbox 1073 563 1201 626; x_wconf 85' lang='lat'><strong>164</strong></span> <span class='ocrx_word' id='word_1_2' title='bbox 1837 560 2312 630; x_wconf 82' lang='lat' dir='ltr'><strong>HISTORIA</strong></span> <span class='ocrx_word' id='word_1_3' title='bbox 2358 560 3115 630; x_wconf 82' lang='lat' dir='ltr'><strong>ECCLESIASTICA</strong></span> <span class='ocrx_word' id='word_1_4' title='bbox 3200 568 3211 574; x_wconf 84' lang='lat'>&#39;</span> 
     </span>
    </p>
   </div>
   <div class='ocr_carea' id='block_1_2' title="bbox 1069 750 3874 2230">
    <p class='ocr_par' dir='ltr' id='par_1_2' title="bbox 1069 750 3874 2230">
     <span class='ocr_line' id='line_1_2' title="bbox 1076 750 3871 844; baseline 0.003 -22"><span class='ocrx_word' id='word_1_5' title='bbox 1076 753 1386 844; x_wconf 86' lang='lat' dir='ltr'><strong>scopalia</strong></span> <span class='ocrx_word' id='word_1_6' title='bbox 1435 752 1736 835; x_wconf 79' lang='lat' dir='ltr'><strong>obiisse,</strong></span> <span class='ocrx_word' id='word_1_7' title='bbox 1807 753 2023 844; x_wconf 92' lang='lat' dir='ltr'><strong>idque</strong></span> <span class='ocrx_word' id='word_1_8' title='bbox 2084 751 2342 843; x_wconf 91' lang='lat' dir='ltr'><strong>probat</strong></span> <span class='ocrx_word' id='word_1_9' title='bbox 2394 775 2485 822; x_wconf 87' lang='lat' dir='ltr'><strong>ex</strong></span> <span class='ocrx_word' id='word_1_10' title='bbox 2544 753 2723 824; x_wconf 88' lang='lat' dir='ltr'><strong>actis</strong></span> <span class='ocrx_word' id='word_1_11' title='bbox 2782 753 3048 824; x_wconf 82' lang='lat' dir='ltr'><strong>ibidem</strong></span> <span class='ocrx_word' id='word_1_12' title='bbox 3106 750 3321 824; x_wconf 86' lang='lat' dir='ltr'><strong>MSS.</strong></span> <span class='ocrx_word' id='word_1_13' title='bbox 3376 764 3450 827; x_wconf 94' lang='lat' dir='ltr'><strong>et</strong></span> <span class='ocrx_word' id='word_1_14' title='bbox 3506 777 3597 826; x_wconf 83' lang='lat' dir='ltr'><strong>ex</strong></span> <span class='ocrx_word' id='word_1_15' title='bbox 3653 755 3871 830; x_wconf 89' lang='lat' dir='ltr'><strong>Vere-</strong></span> 
     </span>
     <span class='ocr_line' id='line_1_3' title="bbox 1075 868 3870 966; baseline 0.003 -28"><span class='ocrx_word' id='word_1_16' title='bbox 1075 871 1343 938; x_wconf 86' lang='lat' dir='ltr'><strong>mundo</strong></span> <span class='ocrx_word' id='word_1_17' title='bbox 1394 868 1845 961; x_wconf 82' lang='lat' dir='ltr'><strong>presbytero:</strong></span> <span class='ocrx_word' id='word_1_18' title='bbox 1895 890 2150 938; x_wconf 89' lang='lat' dir='ltr'><strong>verum</strong></span> <span class='ocrx_word' id='word_1_19' title='bbox 2202 877 2333 952; x_wconf 91' lang='lat' dir='ltr'><strong>est,</strong></span> <span class='ocrx_word' id='word_1_20' title='bbox 2384 877 2653 961; x_wconf 89' lang='lat' dir='ltr'><strong>postea,</strong></span> <span class='ocrx_word' id='word_1_21' title='bbox 2707 869 2860 940; x_wconf 92' lang='lat' dir='ltr'><strong>ritu</strong></span> <span class='ocrx_word' id='word_1_22' title='bbox 2906 870 3143 965; x_wconf 83' lang='lat' dir='ltr'><strong>gentis</strong></span> <span class='ocrx_word' id='word_1_23' title='bbox 3196 881 3501 962; x_wconf 88' lang='lat' dir='ltr'><strong>recepto,</strong></span> <span class='ocrx_word' id='word_1_24' title='bbox 3556 873 3870 966; x_wconf 85' lang='lat' dir='ltr'><strong>trajecis-</strong></span> 
     </span>
     <span class='ocr_line' id='line_1_4' title="bbox 1075 983 3873 1080; baseline 0.001 -24"><span class='ocrx_word' id='word_1_25' title='bbox 1075 1011 1150 1056; x_wconf 87' lang='lat' dir='ltr'><strong>se</strong></span> <span class='ocrx_word' id='word_1_26' title='bbox 1199 987 1277 1055; x_wconf 91' lang='lat' dir='ltr'><strong>in</strong></span> <span class='ocrx_word' id='word_1_27' title='bbox 1331 983 1783 1068; x_wconf 79' lang='lat' dir='ltr'>Hiberniam,</span> <span class='ocrx_word' id='word_1_28' title='bbox 1837 993 2056 1076; x_wconf 90' lang='lat' dir='ltr'><strong>atque</strong></span> <span class='ocrx_word' id='word_1_29' title='bbox 2107 984 2209 1055; x_wconf 92' lang='lat' dir='ltr'><strong>ibi</strong></span> <span class='ocrx_word' id='word_1_30' title='bbox 2260 983 2679 1077; x_wconf 84' lang='lat' dir='ltr'><strong>aliquandiu</strong></span> <span class='ocrx_word' id='word_1_31' title='bbox 2728 985 3157 1068; x_wconf 80' lang='lat' dir='ltr'><strong>substitisse,</strong></span> <span class='ocrx_word' id='word_1_32' title='bbox 3210 987 3609 1080; x_wconf 81' lang='lat' dir='ltr'><strong>exindeque</strong></span> <span class='ocrx_word' id='word_1_33' title='bbox 3664 1003 3737 1059; x_wconf 89' lang='lat' dir='ltr'><strong>et</strong></span> <span class='ocrx_word' id='word_1_34' title='bbox 3784 1011 3873 1058; x_wconf 84' lang='lat' dir='ltr'><strong>ex</strong></span> 
     </span>
     <span class='ocr_line' id='line_1_5' title="bbox 1074 1098 3869 1194; baseline 0.002 -24"><span class='ocrx_word' id='word_1_35' title='bbox 1074 1101 1328 1171; x_wconf 89' lang='lat' dir='ltr'><strong>insulis</strong></span> <span class='ocrx_word' id='word_1_36' title='bbox 1383 1109 1509 1170; x_wconf 88' lang='lat' dir='ltr'><strong>aut</strong></span> <span class='ocrx_word' id='word_1_37' title='bbox 1577 1121 1668 1169; x_wconf 85' lang='lat' dir='ltr'><strong>ex</strong></span> <span class='ocrx_word' id='word_1_38' title='bbox 1725 1098 2000 1192; x_wconf 86' lang='lat' dir='ltr'><strong>Anglia</strong></span> <span class='ocrx_word' id='word_1_39' title='bbox 2059 1117 2214 1169; x_wconf 78' lang='grc' dir='ltr'><strong>ΧΠ.</strong></span> <span class='ocrx_word' id='word_1_40' title='bbox 2270 1101 2565 1170; x_wconf 81' lang='lat' dir='ltr'><strong>comites</strong></span> <span class='ocrx_word' id='word_1_41' title='bbox 2620 1099 2757 1172; x_wconf 89' lang='lat' dir='ltr'><strong>sibi</strong></span> <span class='ocrx_word' id='word_1_42' title='bbox 2810 1099 3219 1184; x_wconf 80' lang='lat' dir='ltr'><strong>adscivisse,</strong></span> <span class='ocrx_word' id='word_1_43' title='bbox 3266 1110 3355 1172; x_wconf 87' lang='lat' dir='ltr'><strong>ut</strong></span> <span class='ocrx_word' id='word_1_44' title='bbox 3404 1103 3869 1194; x_wconf 87' lang='lat' dir='ltr'><strong>apostolicum</strong></span> 
     </span>
     <span class='ocr_line' id='line_1_6' title="bbox 1072 1213 3871 1310; baseline 0.001 -24"><span class='ocrx_word' id='word_1_45' title='bbox 1072 1239 1251 1306; x_wconf 91' lang='lat' dir='ltr'><strong>opus</strong></span> <span class='ocrx_word' id='word_1_46' title='bbox 1278 1216 1811 1310; x_wconf 78' lang='lat' dir='ltr'><strong>aggrederetur,</strong></span> <span class='ocrx_word' id='word_1_47' title='bbox 1839 1237 1921 1286; x_wconf 90' lang='lat' dir='ltr'><strong>ac</strong></span> <span class='ocrx_word' id='word_1_48' title='bbox 1953 1226 2110 1285; x_wconf 90' lang='lat' dir='ltr'><strong>tum</strong></span> <span class='ocrx_word' id='word_1_49' title='bbox 2147 1215 2463 1306; x_wconf 89' lang='lat' dir='ltr'><strong>quidem,</strong></span> <span class='ocrx_word' id='word_1_50' title='bbox 2500 1214 2637 1285; x_wconf 89' lang='lat' dir='ltr'><strong>hoc</strong></span> <span class='ocrx_word' id='word_1_51' title='bbox 2671 1213 3017 1285; x_wconf 84' lang='lat' dir='ltr'><strong>comitatu</strong></span> <span class='ocrx_word' id='word_1_52' title='bbox 3042 1215 3658 1288; x_wconf 87' lang='lat' dir='ltr'><strong>sanctissimorum</strong></span> <span class='ocrx_word' id='word_1_53' title='bbox 3688 1219 3871 1289; x_wconf 91' lang='lat' dir='ltr'><strong>viro-</strong></span> 
     </span>
     <span class='ocr_line' id='line_1_7' title="bbox 1071 1327 3873 1426; baseline 0.001 -24"><span class='ocrx_word' id='word_1_54' title='bbox 1071 1355 1234 1402; x_wconf 88' lang='lat' dir='ltr'><strong>rum</strong></span> <span class='ocrx_word' id='word_1_55' title='bbox 1271 1334 1588 1413; x_wconf 90' lang='lat' dir='ltr'><strong>collect0,</strong></span> <span class='ocrx_word' id='word_1_56' title='bbox 1635 1332 1900 1402; x_wconf 91' lang='lat' dir='ltr'><strong>iterum</strong></span> <span class='ocrx_word' id='word_1_57' title='bbox 1945 1332 2162 1402; x_wconf 88' lang='lat' dir='ltr'><strong>rediit</strong></span> <span class='ocrx_word' id='word_1_58' title='bbox 2206 1333 2283 1400; x_wconf 92' lang='lat' dir='ltr'><strong>in</strong></span> <span class='ocrx_word' id='word_1_59' title='bbox 2328 1329 2666 1412; x_wconf 87' lang='lat' dir='ltr'><strong>Scotiam‚</strong></span> <span class='ocrx_word' id='word_1_60' title='bbox 2716 1337 2791 1400; x_wconf 88' lang='lat' dir='ltr'><strong>et</strong></span> <span class='ocrx_word' id='word_1_61' title='bbox 2835 1327 3209 1400; x_wconf 88' lang='lat' dir='ltr'><strong>Lismorae</strong></span> <span class='ocrx_word' id='word_1_62' title='bbox 3252 1332 3707 1426; x_wconf 85' lang='lat' dir='ltr'><strong>evangelium</strong></span> <span class='ocrx_word' id='word_1_63' title='bbox 3758 1357 3873 1404; x_wconf 89' lang='lat' dir='ltr'><strong>ex-</strong></span> 
     </span>
     <span class='ocr_line' id='line_1_8' title="bbox 1072 1443 3871 1540; baseline 0 -22"><span class='ocrx_word' id='word_1_64' title='bbox 1072 1450 1336 1540; x_wconf 88' lang='lat' dir='ltr'><strong>plicare</strong></span> <span class='ocrx_word' id='word_1_65' title='bbox 1371 1445 1626 1538; x_wconf 87' lang='lat' dir='ltr'><strong>coepit.</strong></span> <span class='ocrx_word' id='word_1_66' title='bbox 1697 1444 1968 1534; x_wconf 89' lang='lat' dir='ltr'><strong>Philip.</strong></span> <span class='ocrx_word' id='word_1_67' title='bbox 2007 1443 2293 1516; x_wconf 83' lang='lat' dir='ltr'><strong>Ferrar.</strong></span> <span class='ocrx_word' id='word_1_68' title='bbox 2332 1461 2483 1514; x_wconf 81' lang='lat' dir='ltr'><strong>ux,</strong></span> <span class='ocrx_word' id='word_1_69' title='bbox 2520 1445 2775 1516; x_wconf 88' lang='lat' dir='ltr'><strong>Martii</strong></span> <span class='ocrx_word' id='word_1_70' title='bbox 2810 1444 2888 1514; x_wconf 90' lang='lat' dir='ltr'><strong>in</strong></span> <span class='ocrx_word' id='word_1_71' title='bbox 2922 1443 3049 1514; x_wconf 89' lang='lat' dir='ltr'><strong>SS.</strong></span> <span class='ocrx_word' id='word_1_72' title='bbox 3086 1443 3363 1529; x_wconf 88' lang='lat' dir='ltr'><strong>Italiae,</strong></span> <span class='ocrx_word' id='word_1_73' title='bbox 3398 1447 3525 1538; x_wconf 90' lang='lat' dir='ltr'><strong>qui</strong></span> <span class='ocrx_word' id='word_1_74' title='bbox 3558 1449 3871 1519; x_wconf 80' lang='lat' dir='ltr'><strong>maxima</strong></span> 
     </span>
     <span class='ocr_line' id='line_1_9' title="bbox 1072 1557 3873 1658; baseline 0 -25"><span class='ocrx_word' id='word_1_75' title='bbox 1072 1565 1228 1658; x_wconf 91' lang='lat' dir='ltr'><strong>ejus</strong></span> <span class='ocrx_word' id='word_1_76' title='bbox 1262 1563 1609 1632; x_wconf 89' lang='lat' dir='ltr'><strong>miracula</strong></span> <span class='ocrx_word' id='word_1_77' title='bbox 1643 1561 1908 1634; x_wconf 91' lang='lat' dir='ltr'><strong>ibidem</strong></span> <span class='ocrx_word' id='word_1_78' title='bbox 1943 1561 2182 1643; x_wconf 90' lang='lat' dir='ltr'><strong>habet,</strong></span> <span class='ocrx_word' id='word_1_79' title='bbox 2218 1569 2303 1630; x_wconf 91' lang='lat' dir='ltr'><strong>ut</strong></span> <span class='ocrx_word' id='word_1_80' title='bbox 2336 1569 2411 1630; x_wconf 92' lang='lat' dir='ltr'><strong>et</strong></span> <span class='ocrx_word' id='word_1_81' title='bbox 2444 1557 2779 1642; x_wconf 88' lang='lat' dir='ltr'><strong>Ghinius,</strong></span> <span class='ocrx_word' id='word_1_82' title='bbox 2812 1567 2886 1628; x_wconf 92' lang='lat' dir='ltr'><strong>et</strong></span> <span class='ocrx_word' id='word_1_83' title='bbox 2918 1557 3181 1630; x_wconf 89' lang='lat' dir='ltr'><strong>Petrus</strong></span> <span class='ocrx_word' id='word_1_84' title='bbox 3226 1561 3349 1631; x_wconf 93' lang='lat' dir='ltr'><strong>lib.</strong></span> <span class='ocrx_word' id='word_1_85' title='bbox 3388 1579 3497 1634; x_wconf 80' lang='lat' dir='ltr'><strong>IV.</strong></span> <span class='ocrx_word' id='word_1_86' title='bbox 3546 1561 3873 1658; x_wconf 80' lang='lat' dir='ltr'><strong>Catalogi</strong></span> 
     </span>
     <span class='ocr_line' id='line_1_10' title="bbox 1073 1674 3872 1771; baseline -0.001 -21"><span class='ocrx_word' id='word_1_87' title='bbox 1073 1699 1227 1771; x_wconf 87' lang='lat' dir='ltr'><strong>cap.</strong></span> <span class='ocrx_word' id='word_1_88' title='bbox 1267 1694 1550 1750; x_wconf 78' lang='lat' dir='ltr'><strong>cxmv.</strong></span> <span class='ocrx_word' id='word_1_89' title='bbox 1588 1686 1694 1758; x_wconf 90' lang='lat' dir='ltr'><strong>ut,</strong></span> <span class='ocrx_word' id='word_1_90' title='bbox 1731 1697 1894 1746; x_wconf 87' lang='lat' dir='ltr'><strong>cum</strong></span> <span class='ocrx_word' id='word_1_91' title='bbox 1927 1686 2142 1746; x_wconf 87' lang='lat' dir='ltr'><strong>natus</strong></span> <span class='ocrx_word' id='word_1_92' title='bbox 2177 1683 2386 1758; x_wconf 89' lang='lat' dir='ltr'><strong>esset,</strong></span> <span class='ocrx_word' id='word_1_93' title='bbox 2420 1697 2736 1746; x_wconf 88' lang='lat' dir='ltr'><strong>marmor</strong></span> <span class='ocrx_word' id='word_1_94' title='bbox 2768 1674 3001 1766; x_wconf 90' lang='lat' dir='ltr'><strong>capite</strong></span> <span class='ocrx_word' id='word_1_95' title='bbox 3033 1677 3522 1766; x_wconf 82' lang='lat' dir='ltr'><strong>percussisset,</strong></span> <span class='ocrx_word' id='word_1_96' title='bbox 3554 1679 3740 1771; x_wconf 89' lang='lat' dir='ltr'><strong>lapis</strong></span> <span class='ocrx_word' id='word_1_97' title='bbox 3772 1687 3872 1748; x_wconf 88' lang='lat' dir='ltr'><strong>te-</strong></span> 
     </span>
     <span class='ocr_line' id='line_1_11' title="bbox 1069 1789 3871 1885; baseline -0.001 -19"><span class='ocrx_word' id='word_1_98' title='bbox 1069 1798 1257 1866; x_wconf 85' lang='lat' dir='ltr'><strong>nello</strong></span> <span class='ocrx_word' id='word_1_99' title='bbox 1291 1793 1510 1885; x_wconf 90' lang='lat' dir='ltr'><strong>capiti</strong></span> <span class='ocrx_word' id='word_1_100' title='bbox 1543 1793 1775 1874; x_wconf 83' lang='lat' dir='ltr'><strong>cessit,</strong></span> <span class='ocrx_word' id='word_1_101' title='bbox 1823 1793 2107 1862; x_wconf 90' lang='lat' dir='ltr'><strong>mollior</strong></span> <span class='ocrx_word' id='word_1_102' title='bbox 2137 1814 2321 1875; x_wconf 88' lang='lat' dir='ltr'><strong>cera,</strong></span> <span class='ocrx_word' id='word_1_103' title='bbox 2355 1791 2763 1882; x_wconf 86' lang='lat' dir='ltr'><strong>recepitque</strong></span> <span class='ocrx_word' id='word_1_104' title='bbox 2810 1789 3063 1881; x_wconf 89' lang='lat' dir='ltr'><strong>capitis</strong></span> <span class='ocrx_word' id='word_1_105' title='bbox 3114 1789 3466 1884; x_wconf 82' lang='lat' dir='ltr'><strong>figuram3</strong></span> <span class='ocrx_word' id='word_1_106' title='bbox 3520 1801 3679 1864; x_wconf 89' lang='lat' dir='ltr'><strong>tum</strong></span> <span class='ocrx_word' id='word_1_107' title='bbox 3726 1815 3871 1864; x_wconf 89' lang='lat' dir='ltr'><strong>ma-</strong></span> 
     </span>
     <span class='ocr_line' id='line_1_12' title="bbox 1071 1905 3874 1999; baseline -0.001 -16"><span class='ocrx_word' id='word_1_108' title='bbox 1071 1921 1256 1983; x_wconf 88' lang='lat' dir='ltr'><strong>trem</strong></span> <span class='ocrx_word' id='word_1_109' title='bbox 1300 1931 1389 1979; x_wconf 86' lang='lat' dir='ltr'><strong>ex</strong></span> <span class='ocrx_word' id='word_1_110' title='bbox 1434 1908 1676 1979; x_wconf 89' lang='lat' dir='ltr'><strong>dolore</strong></span> <span class='ocrx_word' id='word_1_111' title='bbox 1728 1917 1978 1999; x_wconf 86' lang='lat' dir='ltr'><strong>partus</strong></span> <span class='ocrx_word' id='word_1_112' title='bbox 2029 1907 2536 1989; x_wconf 86' lang='lat' dir='ltr'><strong>exanimatam,</strong></span> <span class='ocrx_word' id='word_1_113' title='bbox 2586 1905 2833 1976; x_wconf 87' lang='lat' dir='ltr'><strong>eodem</strong></span> <span class='ocrx_word' id='word_1_114' title='bbox 2882 1905 2963 1974; x_wconf 93' lang='lat' dir='ltr'><strong>in</strong></span> <span class='ocrx_word' id='word_1_115' title='bbox 3012 1907 3167 1976; x_wconf 83' lang='lat' dir='ltr'><strong>loco</strong></span> <span class='ocrx_word' id='word_1_116' title='bbox 3214 1908 3553 1998; x_wconf 84' lang='lat' dir='ltr'><strong>amplexu</strong></span> <span class='ocrx_word' id='word_1_117' title='bbox 3602 1931 3735 1980; x_wconf 90' lang='lat' dir='ltr'><strong>suo</strong></span> <span class='ocrx_word' id='word_1_118' title='bbox 3784 1913 3874 1980; x_wconf 90' lang='lat' dir='ltr'><strong>ad</strong></span> 
     </span>
     <span class='ocr_line' id='line_1_13' title="bbox 1069 2021 3871 2112; baseline -0.001 -15"><span class='ocrx_word' id='word_1_119' title='bbox 1069 2028 1294 2097; x_wconf 90' lang='lat' dir='ltr'><strong>vitam</strong></span> <span class='ocrx_word' id='word_1_120' title='bbox 1329 2025 1737 2107; x_wconf 85' lang='lat' dir='ltr'><strong>revocavit3</strong></span> <span class='ocrx_word' id='word_1_121' title='bbox 1783 2025 1964 2093; x_wconf 86' lang='lat' dir='ltr'><strong>duos</strong></span> <span class='ocrx_word' id='word_1_122' title='bbox 1999 2021 2311 2092; x_wconf 86' lang='lat' dir='ltr'><strong>infantes</strong></span> <span class='ocrx_word' id='word_1_123' title='bbox 2346 2044 2392 2093; x_wconf 86' lang='lat' dir='ltr'><strong>a</strong></span> <span class='ocrx_word' id='word_1_124' title='bbox 2422 2033 2654 2092; x_wconf 89' lang='lat' dir='ltr'><strong>morte</strong></span> <span class='ocrx_word' id='word_1_125' title='bbox 2686 2021 3088 2101; x_wconf 84' lang='lat' dir='ltr'><strong>suscitavit,</strong></span> <span class='ocrx_word' id='word_1_126' title='bbox 3121 2023 3438 2112; x_wconf 89' lang='lat' dir='ltr'><strong>leprosos</strong></span> <span class='ocrx_word' id='word_1_127' title='bbox 3472 2025 3871 2108; x_wconf 86' lang='lat' dir='ltr'><strong>mundavit,</strong></span> 
     </span>
     <span class='ocr_line' id='line_1_14' title="bbox 1071 2135 3869 2230; baseline -0 -18"><span class='ocrx_word' id='word_1_128' title='bbox 1071 2163 1152 2212; x_wconf 85' lang='lat' dir='ltr'><strong>ac</strong></span> <span class='ocrx_word' id='word_1_129' title='bbox 1196 2142 1487 2211; x_wconf 88' lang='lat' dir='ltr'><strong>demum</strong></span> <span class='ocrx_word' id='word_1_130' title='bbox 1533 2163 1576 2212; x_wconf 89' lang='lat' dir='ltr'><strong>a</strong></span> <span class='ocrx_word' id='word_1_131' title='bbox 1617 2137 1880 2209; x_wconf 88' lang='lat' dir='ltr'><strong>Sancto</strong></span> <span class='ocrx_word' id='word_1_132' title='bbox 1915 2138 2134 2208; x_wconf 92' lang='lat' dir='ltr'><strong>Petro</strong></span> <span class='ocrx_word' id='word_1_133' title='bbox 2183 2137 2259 2205; x_wconf 93' lang='lat' dir='ltr'><strong>in</strong></span> <span class='ocrx_word' id='word_1_134' title='bbox 2310 2137 2581 2208; x_wconf 88' lang='lat' dir='ltr'><strong>somnis</strong></span> <span class='ocrx_word' id='word_1_135' title='bbox 2631 2137 2971 2218; x_wconf 89' lang='lat' dir='ltr'><strong>monitus,</strong></span> <span class='ocrx_word' id='word_1_136' title='bbox 3022 2137 3099 2207; x_wconf 89' lang='lat' dir='ltr'><strong>in</strong></span> <span class='ocrx_word' id='word_1_137' title='bbox 3150 2135 3439 2207; x_wconf 88' lang='lat' dir='ltr'><strong>Italiam</strong></span> <span class='ocrx_word' id='word_1_138' title='bbox 3488 2139 3869 2230; x_wconf 84' lang='lat' dir='ltr'><strong>profectus,</strong></span> 
     </span>
    </p>
   </div>
   <div class='ocr_carea' id='block_1_3' title="bbox 941 2251 3871 2346">
    <p class='ocr_par' dir='ltr' id='par_1_3' title="bbox 941 2251 3871 2346">
     <span class='ocr_line' id='line_1_15' title="bbox 941 2251 3871 2346; baseline 0 -20"><span class='ocrx_word' id='word_1_139' title='bbox 941 2251 952 2256; x_wconf 75' lang='grc'><em>”</em></span> <span class='ocrx_word' id='word_1_140' title='bbox 1071 2255 1372 2326; x_wconf 87' lang='lat' dir='ltr'><strong>Tarenti</strong></span> <span class='ocrx_word' id='word_1_141' title='bbox 1405 2254 1640 2326; x_wconf 83' lang='lat' dir='ltr'><strong>faetus</strong></span> <span class='ocrx_word' id='word_1_142' title='bbox 1676 2254 2072 2345; x_wconf 91' lang='lat' dir='ltr'><strong>episcopus,</strong></span> <span class='ocrx_word' id='word_1_143' title='bbox 2119 2263 2192 2322; x_wconf 89' lang='lat' dir='ltr'><strong>et</strong></span> <span class='ocrx_word' id='word_1_144' title='bbox 2235 2253 2449 2322; x_wconf 90' lang='lat' dir='ltr'><strong>vivus</strong></span> <span class='ocrx_word' id='word_1_145' title='bbox 2492 2261 2566 2324; x_wconf 93' lang='lat' dir='ltr'><strong>et</strong></span> <span class='ocrx_word' id='word_1_146' title='bbox 2616 2263 2945 2323; x_wconf 88' lang='lat' dir='ltr'><strong>mortuus</strong></span> <span class='ocrx_word' id='word_1_147' title='bbox 2987 2253 3319 2346; x_wconf 88' lang='lat' dir='ltr'><strong>gloriosis</strong></span> <span class='ocrx_word' id='word_1_148' title='bbox 3364 2253 3871 2326; x_wconf 88' lang='lat' dir='ltr'><strong>miraculorum</strong></span> 
     </span>
    </p>
   </div>
   <div class='ocr_carea' id='block_1_4' title="bbox 1070 2365 3869 4072">
    <p class='ocr_par' dir='ltr' id='par_1_4' title="bbox 1070 2365 3869 3366">
     <span class='ocr_line' id='line_1_16' title="bbox 1071 2365 3869 2462; baseline 0 -20"><span class='ocrx_word' id='word_1_149' title='bbox 1071 2372 1346 2443; x_wconf 90' lang='lat' dir='ltr'><strong>actibus</strong></span> <span class='ocrx_word' id='word_1_150' title='bbox 1382 2371 1740 2462; x_wconf 87' lang='lat' dir='ltr'><strong>apparuit.</strong></span> <span class='ocrx_word' id='word_1_151' title='bbox 1843 2366 2102 2438; x_wconf 88' lang='lat' dir='ltr'><strong>Dicere</strong></span> <span class='ocrx_word' id='word_1_152' title='bbox 2137 2377 2381 2438; x_wconf 88' lang='lat' dir='ltr'><strong>autem</strong></span> <span class='ocrx_word' id='word_1_153' title='bbox 2416 2391 2583 2438; x_wconf 92' lang='lat' dir='ltr'><strong>eum</strong></span> <span class='ocrx_word' id='word_1_154' title='bbox 2619 2365 3029 2436; x_wconf 89' lang='lat' dir='ltr'><strong>Hibernum</strong></span> <span class='ocrx_word' id='word_1_155' title='bbox 3074 2375 3263 2451; x_wconf 86' lang='lat' dir='ltr'><strong>ortu,</strong></span> <span class='ocrx_word' id='word_1_156' title='bbox 3318 2383 3429 2439; x_wconf 86' lang='lat' dir='ltr'><strong>est</strong></span> <span class='ocrx_word' id='word_1_157' title='bbox 3476 2369 3675 2440; x_wconf 86' lang='lat' dir='ltr'><strong>omni</strong></span> <span class='ocrx_word' id='word_1_158' title='bbox 3724 2370 3869 2442; x_wconf 87' lang='lat' dir='ltr'><strong>his-</strong></span> 
     </span>
     <span class='ocr_line' id='line_1_17' title="bbox 1070 2482 3869 2574; baseline -0.001 -16"><span class='ocrx_word' id='word_1_159' title='bbox 1070 2488 1296 2558; x_wconf 87' lang='lat' dir='ltr'><strong>toriae</strong></span> <span class='ocrx_word' id='word_1_160' title='bbox 1331 2485 1845 2556; x_wconf 84' lang='lat' dir='ltr'><strong>ecclesiasticae</strong></span> <span class='ocrx_word' id='word_1_161' title='bbox 1879 2487 2035 2552; x_wconf 91' lang='lat' dir='ltr'><strong>luce</strong></span> <span class='ocrx_word' id='word_1_162' title='bbox 2071 2483 2392 2565; x_wconf 89' lang='lat' dir='ltr'><strong>destitui,</strong></span> <span class='ocrx_word' id='word_1_163' title='bbox 2438 2505 2607 2554; x_wconf 90' lang='lat' dir='ltr'><strong>nam</strong></span> <span class='ocrx_word' id='word_1_164' title='bbox 2650 2503 2783 2552; x_wconf 89' lang='lat' dir='ltr'><strong>nec</strong></span> <span class='ocrx_word' id='word_1_165' title='bbox 2829 2491 3003 2553; x_wconf 90' lang='lat' dir='ltr'><strong>tunc</strong></span> <span class='ocrx_word' id='word_1_166' title='bbox 3047 2482 3361 2574; x_wconf 88' lang='lat' dir='ltr'><strong>quidem,</strong></span> <span class='ocrx_word' id='word_1_167' title='bbox 3408 2505 3539 2554; x_wconf 90' lang='lat' dir='ltr'><strong>nec</strong></span> <span class='ocrx_word' id='word_1_168' title='bbox 3585 2493 3869 2556; x_wconf 86' lang='lat' dir='ltr'><strong>centum</strong></span> 
     </span>
     <span class='ocr_line' id='line_1_18' title="bbox 1073 2595 3864 2696; baseline 0.001 -26"><span class='ocrx_word' id='word_1_169' title='bbox 1073 2602 1374 2696; x_wconf 85' lang='lat' dir='ltr'><strong>triginta</strong></span> <span class='ocrx_word' id='word_1_170' title='bbox 1408 2621 1636 2671; x_wconf 91' lang='lat' dir='ltr'><strong>annos</strong></span> <span class='ocrx_word' id='word_1_171' title='bbox 1671 2607 1942 2690; x_wconf 89' lang='lat' dir='ltr'><strong>postea,</strong></span> <span class='ocrx_word' id='word_1_172' title='bbox 1975 2599 2168 2667; x_wconf 90' lang='lat' dir='ltr'><strong>ullus</strong></span> <span class='ocrx_word' id='word_1_173' title='bbox 2205 2597 2613 2668; x_wconf 87' lang='lat' dir='ltr'><strong>Catholicae</strong></span> <span class='ocrx_word' id='word_1_174' title='bbox 2646 2597 2811 2667; x_wconf 88' lang='lat' dir='ltr'><strong>fidei</strong></span> <span class='ocrx_word' id='word_1_175' title='bbox 2850 2595 3274 2667; x_wconf 86' lang='lat' dir='ltr'><strong>Hirlandiae</strong></span> <span class='ocrx_word' id='word_1_176' title='bbox 3306 2599 3553 2668; x_wconf 88' lang='lat' dir='ltr'><strong>radius</strong></span> <span class='ocrx_word' id='word_1_177' title='bbox 3600 2601 3864 2684; x_wconf 86' lang='lat' dir='ltr'><strong>illuxit,</strong></span> 
     </span>
     <span class='ocr_line' id='line_1_19' title="bbox 1073 2709 3869 2807; baseline 0 -21"><span class='ocrx_word' id='word_1_178' title='bbox 1073 2724 1157 2787; x_wconf 92' lang='lat' dir='ltr'><strong>ut</strong></span> <span class='ocrx_word' id='word_1_179' title='bbox 1190 2738 1279 2786; x_wconf 85' lang='lat' dir='ltr'><strong>ex</strong></span> <span class='ocrx_word' id='word_1_180' title='bbox 1311 2715 1486 2787; x_wconf 90' lang='lat' dir='ltr'><strong>Vita</strong></span> <span class='ocrx_word' id='word_1_181' title='bbox 1518 2713 1762 2784; x_wconf 86' lang='lat' dir='ltr'><strong>Sancti</strong></span> <span class='ocrx_word' id='word_1_182' title='bbox 1807 2712 2105 2782; x_wconf 90' lang='lat' dir='ltr'><strong>Patricii</strong></span> <span class='ocrx_word' id='word_1_183' title='bbox 2141 2711 2336 2783; x_wconf 88' lang='lat' dir='ltr'><strong>Scoti</strong></span> <span class='ocrx_word' id='word_1_184' title='bbox 2382 2719 2701 2803; x_wconf 88' lang='lat' dir='ltr'><strong>apparet,</strong></span> <span class='ocrx_word' id='word_1_185' title='bbox 2747 2709 2875 2803; x_wconf 88' lang='lat' dir='ltr'><strong>qui</strong></span> <span class='ocrx_word' id='word_1_186' title='bbox 2920 2711 3199 2802; x_wconf 90' lang='lat' dir='ltr'><strong>primus</strong></span> <span class='ocrx_word' id='word_1_187' title='bbox 3246 2713 3442 2784; x_wconf 81' lang='lat' dir='ltr'><strong>illius</strong></span> <span class='ocrx_word' id='word_1_188' title='bbox 3474 2715 3713 2807; x_wconf 87' lang='lat' dir='ltr'><strong>gentis</strong></span> <span class='ocrx_word' id='word_1_189' title='bbox 3746 2737 3869 2786; x_wconf 87' lang='lat' dir='ltr'><strong>an-</strong></span> 
     </span>
     <span class='ocr_line' id='line_1_20' title="bbox 1073 2825 3867 2922; baseline -0.001 -18"><span class='ocrx_word' id='word_1_190' title='bbox 1073 2855 1170 2904; x_wconf 91' lang='lat' dir='ltr'><strong>no</strong></span> <span class='ocrx_word' id='word_1_191' title='bbox 1245 2849 1566 2902; x_wconf 84' lang='lat' dir='ltr'><strong>cccxcl.</strong></span> <span class='ocrx_word' id='word_1_192' title='bbox 1643 2831 2008 2920; x_wconf 88' lang='lat' dir='ltr'><strong>apostolus</strong></span> <span class='ocrx_word' id='word_1_193' title='bbox 2067 2829 2603 2899; x_wconf 85' lang='lat' dir='ltr'><strong>conversionem</strong></span> <span class='ocrx_word' id='word_1_194' title='bbox 2675 2825 2985 2897; x_wconf 88' lang='lat' dir='ltr'><strong>tentavit</strong></span> <span class='ocrx_word' id='word_1_195' title='bbox 3014 2843 3033 2894; x_wconf 76' lang='lat' dir='ltr'>z</span> <span class='ocrx_word' id='word_1_196' title='bbox 3110 2825 3427 2898; x_wconf 88' lang='lat' dir='ltr'><strong>viderint</strong></span> <span class='ocrx_word' id='word_1_197' title='bbox 3493 2849 3664 2922; x_wconf 80' lang='lat' dir='ltr'><strong>ergo</strong></span> <span class='ocrx_word' id='word_1_198' title='bbox 3734 2832 3867 2902; x_wconf 87' lang='lat' dir='ltr'><strong>viri</strong></span> 
     </span>
     <span class='ocr_line' id='line_1_21' title="bbox 1072 2941 3865 3038; baseline -0.001 -19"><span class='ocrx_word' id='word_1_199' title='bbox 1072 2949 1262 3019; x_wconf 89' lang='lat' dir='ltr'><strong>docti</strong></span> <span class='ocrx_word' id='word_1_200' title='bbox 1316 2948 1673 3038; x_wconf 90' lang='lat' dir='ltr'><strong>quomodo</strong></span> <span class='ocrx_word' id='word_1_201' title='bbox 1720 2944 2086 3026; x_wconf 84' lang='lat' dir='ltr'><strong>Cataldus‚</strong></span> <span class='ocrx_word' id='word_1_202' title='bbox 2143 2943 2259 3012; x_wconf 84' lang='lat' dir='ltr'><strong>vir</strong></span> <span class='ocrx_word' id='word_1_203' title='bbox 2316 2943 2493 3014; x_wconf 90' lang='lat' dir='ltr'><strong>adeo</strong></span> <span class='ocrx_word' id='word_1_204' title='bbox 2538 2941 2991 3033; x_wconf 81' lang='lat' dir='ltr'><strong>apostolicus.</strong></span> <span class='ocrx_word' id='word_1_205' title='bbox 3042 2942 3233 3011; x_wconf 90' lang='lat' dir='ltr'><strong>inter</strong></span> <span class='ocrx_word' id='word_1_206' title='bbox 3282 2942 3601 3013; x_wconf 88' lang='lat' dir='ltr'><strong>ethnicos</strong></span> <span class='ocrx_word' id='word_1_207' title='bbox 3650 2947 3865 3028; x_wconf 88' lang='lat' dir='ltr'><strong>nasci,</strong></span> 
     </span>
     <span class='ocr_line' id='line_1_22' title="bbox 1071 3056 3865 3151; baseline -0 -18"><span class='ocrx_word' id='word_1_208' title='bbox 1071 3086 1202 3134; x_wconf 91' lang='lat' dir='ltr'><strong>nec</strong></span> <span class='ocrx_word' id='word_1_209' title='bbox 1232 3063 1486 3132; x_wconf 88' lang='lat' dir='ltr'><strong>deinde</strong></span> <span class='ocrx_word' id='word_1_210' title='bbox 1519 3061 1595 3131; x_wconf 93' lang='lat' dir='ltr'><strong>in</strong></span> <span class='ocrx_word' id='word_1_211' title='bbox 1620 3059 1757 3130; x_wconf 86' lang='lat' dir='ltr'><strong>fide</strong></span> <span class='ocrx_word' id='word_1_212' title='bbox 1789 3061 2077 3140; x_wconf 89' lang='lat' dir='ltr'><strong>instrui,</strong></span> <span class='ocrx_word' id='word_1_213' title='bbox 2111 3081 2295 3151; x_wconf 87' lang='lat' dir='ltr'><strong>quae</strong></span> <span class='ocrx_word' id='word_1_214' title='bbox 2328 3059 2433 3128; x_wconf 93' lang='lat' dir='ltr'><strong>illi</strong></span> <span class='ocrx_word' id='word_1_215' title='bbox 2480 3059 2618 3129; x_wconf 91' lang='lat' dir='ltr'><strong>toti</strong></span> <span class='ocrx_word' id='word_1_216' title='bbox 2660 3057 2861 3150; x_wconf 88' lang='lat' dir='ltr'><strong>genti</strong></span> <span class='ocrx_word' id='word_1_217' title='bbox 2902 3056 3173 3150; x_wconf 85' lang='lat' dir='ltr'><strong>ignota,</strong></span> <span class='ocrx_word' id='word_1_218' title='bbox 3214 3057 3476 3146; x_wconf 84' lang='lat' dir='ltr'><strong>potuit.</strong></span> <span class='ocrx_word' id='word_1_219' title='bbox 3576 3057 3865 3132; x_wconf 86' lang='lat' dir='ltr'><strong>Scotum</strong></span> 
     </span>
     <span class='ocr_line' id='line_1_23' title="bbox 1074 3171 3867 3274; baseline -0.004 -25"><span class='ocrx_word' id='word_1_220' title='bbox 1074 3201 1244 3274; x_wconf 86' lang='lat' dir='ltr'><strong>ergo</strong></span> <span class='ocrx_word' id='word_1_221' title='bbox 1277 3177 1498 3248; x_wconf 80' lang='lat' dir='ltr'><strong>fuisse</strong></span> <span class='ocrx_word' id='word_1_222' title='bbox 1531 3185 1836 3268; x_wconf 87' lang='lat' dir='ltr'><strong>oportet,</strong></span> <span class='ocrx_word' id='word_1_223' title='bbox 1873 3185 1947 3246; x_wconf 92' lang='lat' dir='ltr'><strong>et</strong></span> <span class='ocrx_word' id='word_1_224' title='bbox 1979 3176 2054 3245; x_wconf 86' lang='lat' dir='ltr'><strong>id</strong></span> <span class='ocrx_word' id='word_1_225' title='bbox 2079 3176 2361 3245; x_wconf 87' lang='lat' dir='ltr'><strong>ratione</strong></span> <span class='ocrx_word' id='word_1_226' title='bbox 2385 3173 2694 3255; x_wconf 87' lang='lat' dir='ltr'><strong>firmum,</strong></span> <span class='ocrx_word' id='word_1_227' title='bbox 2722 3171 2855 3242; x_wconf 89' lang='lat' dir='ltr'><strong>etsi</strong></span> <span class='ocrx_word' id='word_1_228' title='bbox 2884 3179 3209 3242; x_wconf 90' lang='lat' dir='ltr'><strong>auctores</strong></span> <span class='ocrx_word' id='word_1_229' title='bbox 3236 3172 3582 3244; x_wconf 85' lang='lat' dir='ltr'><strong>deessent.</strong></span> <span class='ocrx_word' id='word_1_230' title='bbox 3636 3173 3867 3268; x_wconf 85' lang='lat' dir='ltr'><strong>Scrip.</strong></span> 
     </span>
     <span class='ocr_line' id='line_1_24' title="bbox 1072 3295 1635 3366; baseline -0.004 -2"><span class='ocrx_word' id='word_1_231' title='bbox 1072 3297 1168 3366; x_wconf 89' lang='lat' dir='ltr'><strong>sit</strong></span> <span class='ocrx_word' id='word_1_232' title='bbox 1203 3295 1317 3364; x_wconf 90' lang='lat' dir='ltr'><strong>vir</strong></span> <span class='ocrx_word' id='word_1_233' title='bbox 1349 3300 1635 3364; x_wconf 83' lang='lat' dir='ltr'><strong>sanctus</strong></span> 
     </span>
    </p>

    <p class='ocr_par' dir='ltr' id='par_1_5' title="bbox 1163 3404 3267 3497">
     <span class='ocr_line' id='line_1_25' title="bbox 1163 3404 3267 3497; baseline -0.002 -18"><span class='ocrx_word' id='word_1_234' title='bbox 1163 3425 1168 3428; x_wconf 84' lang='grc'><em>·</em></span> <span class='ocrx_word' id='word_1_235' title='bbox 1369 3407 1728 3479; x_wconf 88' lang='lat' dir='ltr'><strong>Homilias</strong></span> <span class='ocrx_word' id='word_1_236' title='bbox 1763 3409 1855 3478; x_wconf 85' lang='lat' dir='ltr'><strong>ad</strong></span> <span class='ocrx_word' id='word_1_237' title='bbox 1889 3407 2249 3497; x_wconf 83' lang='lat' dir='ltr'><strong>Populum</strong></span> <span class='ocrx_word' id='word_1_238' title='bbox 3052 3404 3177 3476; x_wconf 91' lang='lat' dir='ltr'><strong>lib.</strong></span> <span class='ocrx_word' id='word_1_239' title='bbox 3216 3423 3267 3475; x_wconf 90' lang='lat'><strong>1.</strong></span> 
     </span>
    </p>

    <p class='ocr_par' dir='ltr' id='par_1_6' title="bbox 1374 3522 3269 3594">
     <span class='ocr_line' id='line_1_26' title="bbox 1374 3522 3269 3594; baseline -0.001 -2"><span class='ocrx_word' id='word_1_240' title='bbox 1374 3522 1486 3593; x_wconf 91' lang='lat' dir='ltr'><strong>De</strong></span> <span class='ocrx_word' id='word_1_241' title='bbox 1517 3523 1936 3594; x_wconf 90' lang='lat' dir='ltr'><strong>Visionibus</strong></span> <span class='ocrx_word' id='word_1_242' title='bbox 1973 3523 2122 3592; x_wconf 89' lang='lat' dir='ltr'><strong>suis</strong></span> <span class='ocrx_word' id='word_1_243' title='bbox 3053 3522 3177 3593; x_wconf 91' lang='lat' dir='ltr'><strong>lib.</strong></span> <span class='ocrx_word' id='word_1_244' title='bbox 3215 3541 3269 3591; x_wconf 89' lang='lat'><strong>1.</strong></span> 
     </span>
    </p>

    <p class='ocr_par' dir='ltr' id='par_1_7' title="bbox 1073 3637 3865 4072">
     <span class='ocr_line' id='line_1_27' title="bbox 1172 3637 3865 3730; baseline 0 -20"><span class='ocrx_word' id='word_1_245' title='bbox 1172 3640 1456 3710; x_wconf 87' lang='lat' dir='ltr'><strong>Floruit</strong></span> <span class='ocrx_word' id='word_1_246' title='bbox 1489 3660 1680 3710; x_wconf 88' lang='lat' dir='ltr'><strong>anno</strong></span> <span class='ocrx_word' id='word_1_247' title='bbox 1714 3654 2041 3707; x_wconf 78' lang='lat' dir='ltr'><strong>cchxr.</strong></span> <span class='ocrx_word' id='word_1_248' title='bbox 2076 3637 2203 3727; x_wconf 92' lang='lat' dir='ltr'><strong>qui</strong></span> <span class='ocrx_word' id='word_1_249' title='bbox 2240 3657 2471 3706; x_wconf 89' lang='lat' dir='ltr'><strong>annus</strong></span> <span class='ocrx_word' id='word_1_250' title='bbox 2504 3645 2635 3717; x_wconf 91' lang='lat' dir='ltr'><strong>est,</strong></span> <span class='ocrx_word' id='word_1_251' title='bbox 2668 3645 2752 3706; x_wconf 91' lang='lat' dir='ltr'><strong>ut</strong></span> <span class='ocrx_word' id='word_1_252' title='bbox 2786 3646 2984 3728; x_wconf 91' lang='lat' dir='ltr'><strong>puto,</strong></span> <span class='ocrx_word' id='word_1_253' title='bbox 3023 3637 3513 3730; x_wconf 87' lang='lat' dir='ltr'><strong>depositionis.</strong></span> <span class='ocrx_word' id='word_1_254' title='bbox 3586 3637 3865 3711; x_wconf 89' lang='lat' dir='ltr'><strong>Colitur</strong></span> 
     </span>
     <span class='ocr_line' id='line_1_28' title="bbox 1073 3745 3861 3836; baseline 0 -10"><span class='ocrx_word' id='word_1_255' title='bbox 1073 3745 1330 3826; x_wconf 86' lang='lat' dir='ltr'><strong>diebus</strong></span> <span class='ocrx_word' id='word_1_256' title='bbox 1369 3773 1520 3826; x_wconf 82' lang='lat' dir='ltr'><strong>nx.</strong></span> <span class='ocrx_word' id='word_1_257' title='bbox 1567 3753 1843 3834; x_wconf 90' lang='lat' dir='ltr'><strong>Martii,</strong></span> <span class='ocrx_word' id='word_1_258' title='bbox 1887 3750 2173 3820; x_wconf 87' lang='lat' dir='ltr'><strong>Ferrar.</strong></span> <span class='ocrx_word' id='word_1_259' title='bbox 2228 3760 2303 3820; x_wconf 92' lang='lat' dir='ltr'><strong>et</strong></span> <span class='ocrx_word' id='word_1_260' title='bbox 2352 3768 2503 3820; x_wconf 82' lang='lat' dir='ltr'><strong>nx.</strong></span> <span class='ocrx_word' id='word_1_261' title='bbox 2556 3761 2629 3822; x_wconf 90' lang='lat' dir='ltr'><strong>et</strong></span> <span class='ocrx_word' id='word_1_262' title='bbox 2678 3769 2761 3824; x_wconf 83' lang='lat' dir='ltr'><strong>x.</strong></span> <span class='ocrx_word' id='word_1_263' title='bbox 2817 3751 3022 3836; x_wconf 78' lang='lat' dir='ltr'><strong>Maii,</strong></span> <span class='ocrx_word' id='word_1_264' title='bbox 3078 3749 3295 3822; x_wconf 88' lang='lat' dir='ltr'><strong>Ghin.</strong></span> <span class='ocrx_word' id='word_1_265' title='bbox 3349 3750 3544 3825; x_wconf 87' lang='lat' dir='ltr'><strong>Acta</strong></span> <span class='ocrx_word' id='word_1_266' title='bbox 3592 3753 3861 3826; x_wconf 90' lang='lat' dir='ltr'><strong>Eccles.</strong></span> 
     </span>
     <span class='ocr_line' id='line_1_29' title="bbox 1073 3865 3863 3960; baseline 0.001 -20"><span class='ocrx_word' id='word_1_267' title='bbox 1073 3871 1530 3941; x_wconf 87' lang='lat' dir='ltr'><strong>Tarentinae.</strong></span> <span class='ocrx_word' id='word_1_268' title='bbox 1633 3867 1745 3938; x_wconf 89' lang='lat' dir='ltr'><strong>De</strong></span> <span class='ocrx_word' id='word_1_269' title='bbox 1813 3867 2078 3937; x_wconf 88' lang='lat' dir='ltr'><strong>sanctis</strong></span> <span class='ocrx_word' id='word_1_270' title='bbox 2141 3865 2371 3936; x_wconf 88' lang='lat' dir='ltr'><strong>Scotis</strong></span> <span class='ocrx_word' id='word_1_271' title='bbox 2436 3865 2851 3936; x_wconf 87' lang='lat' dir='ltr'><strong>Italicarum</strong></span> <span class='ocrx_word' id='word_1_272' title='bbox 2910 3867 3289 3938; x_wconf 86' lang='lat' dir='ltr'><strong>civitatum</strong></span> <span class='ocrx_word' id='word_1_273' title='bbox 3350 3871 3695 3960; x_wconf 88' lang='lat' dir='ltr'><strong>patronis,</strong></span> <span class='ocrx_word' id='word_1_274' title='bbox 3747 3894 3863 3942; x_wconf 84' lang='lat' dir='ltr'><strong>ex·</strong></span> 
     </span>
     <span class='ocr_line' id='line_1_30' title="bbox 1073 3979 3203 4072; baseline -0.003 -16"><span class='ocrx_word' id='word_1_275' title='bbox 1073 3985 1616 4056; x_wconf 90' lang='lat' dir='ltr'><strong>cellentissimus</strong></span> <span class='ocrx_word' id='word_1_276' title='bbox 1653 3981 2029 4052; x_wconf 85' lang='lat' dir='ltr'><strong>Galeottus</strong></span> <span class='ocrx_word' id='word_1_277' title='bbox 2064 3980 2305 4062; x_wconf 86' lang='lat' dir='ltr'><strong>Picus,</strong></span> <span class='ocrx_word' id='word_1_278' title='bbox 2342 3979 2794 4050; x_wconf 86' lang='lat' dir='ltr'><strong>Mirandulae</strong></span> <span class='ocrx_word' id='word_1_279' title='bbox 2829 3981 3203 4072; x_wconf 85' lang='lat' dir='ltr'><strong>princeps:</strong></span> 
     </span>
    </p>
   </div>
   <div class='ocr_carea' id='block_1_5' title="bbox 1595 4219 3207 4962">
    <p class='ocr_par' dir='ltr' id='par_1_8' title="bbox 1599 4219 3207 4392">
     <span class='ocr_line' id='line_1_31' title="bbox 1599 4219 3207 4299; baseline -0.002 -15"><span class='ocrx_word' id='word_1_280' title='bbox 1599 4227 1734 4284; x_wconf 89' lang='lat' dir='ltr'><strong>Lux</strong></span> <span class='ocrx_word' id='word_1_281' title='bbox 1761 4225 2046 4292; x_wconf 85' lang='lat' dir='ltr'><strong>tenebras,</strong></span> <span class='ocrx_word' id='word_1_282' title='bbox 2075 4241 2282 4282; x_wconf 82' lang='lat' dir='ltr'><strong>aurum</strong></span> <span class='ocrx_word' id='word_1_283' title='bbox 2310 4219 2633 4299; x_wconf 86' lang='lat' dir='ltr'><strong>plumbum,</strong></span> <span class='ocrx_word' id='word_1_284' title='bbox 2662 4219 2747 4278; x_wconf 82' lang='lat' dir='ltr'><strong>sic</strong></span> <span class='ocrx_word' id='word_1_285' title='bbox 2775 4219 2967 4280; x_wconf 83' lang='lat' dir='ltr'><strong>Scotia</strong></span> <span class='ocrx_word' id='word_1_286' title='bbox 2996 4219 3207 4280; x_wconf 82' lang='lat' dir='ltr'><strong>lernen</strong></span> 
     </span>
     <span class='ocr_line' id='line_1_32' title="bbox 1673 4313 2741 4392; baseline -0.004 -18"><span class='ocrx_word' id='word_1_287' title='bbox 1673 4319 1897 4388; x_wconf 88' lang='lat' dir='ltr'><strong>Vincit,</strong></span> <span class='ocrx_word' id='word_1_288' title='bbox 1927 4317 2209 4382; x_wconf 86' lang='lat' dir='ltr'><strong>doctrina.</strong></span> <span class='ocrx_word' id='word_1_289' title='bbox 2235 4314 2555 4392; x_wconf 82' lang='lat' dir='ltr'><strong>relligione,</strong></span> <span class='ocrx_word' id='word_1_290' title='bbox 2584 4313 2741 4372; x_wconf 85' lang='lat' dir='ltr'><strong>viris.</strong></span> 
     </span>
    </p>

    <p class='ocr_par' dir='ltr' id='par_1_9' title="bbox 1597 4408 3139 4574">
     <span class='ocr_line' id='line_1_33' title="bbox 1597 4408 3139 4488; baseline -0.001 -16"><span class='ocrx_word' id='word_1_291' title='bbox 1597 4413 1768 4472; x_wconf 85' lang='lat' dir='ltr'><strong>Clara</strong></span> <span class='ocrx_word' id='word_1_292' title='bbox 1794 4413 2012 4471; x_wconf 86' lang='lat' dir='ltr'><strong>etenim</strong></span> <span class='ocrx_word' id='word_1_293' title='bbox 2044 4411 2299 4469; x_wconf 87' lang='lat' dir='ltr'><strong>Innocno</strong></span> <span class='ocrx_word' id='word_1_294' title='bbox 2323 4410 2513 4487; x_wconf 83' lang='lat' dir='ltr'><strong>pietas</strong></span> <span class='ocrx_word' id='word_1_295' title='bbox 2538 4418 2632 4467; x_wconf 86' lang='lat' dir='ltr'><strong>est</strong></span> <span class='ocrx_word' id='word_1_296' title='bbox 2662 4408 2921 4468; x_wconf 63' lang='lat' dir='ltr'><strong>Romulo</strong></span> <span class='ocrx_word' id='word_1_297' title='bbox 2932 4411 3139 4488; x_wconf 88' lang='lat' dir='ltr'><strong>primo,</strong></span> 
     </span>
     <span class='ocr_line' id='line_1_34' title="bbox 1675 4503 2904 4574; baseline -0.001 -10"><span class='ocrx_word' id='word_1_298' title='bbox 1675 4507 1792 4574; x_wconf 88' lang='lat' dir='ltr'><strong>Tu,</strong></span> <span class='ocrx_word' id='word_1_299' title='bbox 1823 4505 2104 4573; x_wconf 82' lang='lat' dir='ltr'><strong>Bonifaci,</strong></span> <span class='ocrx_word' id='word_1_300' title='bbox 2131 4505 2243 4563; x_wconf 87' lang='lat' dir='ltr'><strong>isto</strong></span> <span class='ocrx_word' id='word_1_301' title='bbox 2269 4503 2456 4562; x_wconf 88' lang='lat' dir='ltr'><strong>clarus</strong></span> <span class='ocrx_word' id='word_1_302' title='bbox 2482 4503 2543 4560; x_wconf 92' lang='lat' dir='ltr'><strong>in</strong></span> <span class='ocrx_word' id='word_1_303' title='bbox 2572 4503 2705 4562; x_wconf 88' lang='lat' dir='ltr'><strong>orbe</strong></span> <span class='ocrx_word' id='word_1_304' title='bbox 2732 4505 2904 4573; x_wconf 87' lang='lat' dir='ltr'><strong>nites,</strong></span> 
     </span>
    </p>

    <p class='ocr_par' dir='ltr' id='par_1_10' title="bbox 1595 4599 3133 4773">
     <span class='ocr_line' id='line_1_35' title="bbox 1595 4599 3133 4680; baseline -0.001 -21"><span class='ocrx_word' id='word_1_305' title='bbox 1595 4599 1870 4680; x_wconf 83' lang='lat' dir='ltr'><strong>Cyriacus</strong></span> <span class='ocrx_word' id='word_1_306' title='bbox 1895 4599 2124 4658; x_wconf 87' lang='lat' dir='ltr'><strong>decorat</strong></span> <span class='ocrx_word' id='word_1_307' title='bbox 2150 4599 2364 4667; x_wconf 87' lang='lat' dir='ltr'><strong>sedem,</strong></span> <span class='ocrx_word' id='word_1_308' title='bbox 2392 4611 2568 4676; x_wconf 87' lang='lat' dir='ltr'><strong>atque</strong></span> <span class='ocrx_word' id='word_1_309' title='bbox 2594 4611 2832 4658; x_wconf 85' lang='lat' dir='ltr'><strong>exornat</strong></span> <span class='ocrx_word' id='word_1_310' title='bbox 2858 4600 3133 4660; x_wconf 85' lang='lat' dir='ltr'><strong>eandem:</strong></span> 
     </span>
     <span class='ocr_line' id='line_1_36' title="bbox 1683 4693 2951 4773; baseline 0.003 -21"><span class='ocrx_word' id='word_1_311' title='bbox 1683 4693 1864 4753; x_wconf 87' lang='lat' dir='ltr'><strong>Multi</strong></span> <span class='ocrx_word' id='word_1_312' title='bbox 1893 4693 1990 4752; x_wconf 89' lang='lat' dir='ltr'><strong>alii</strong></span> <span class='ocrx_word' id='word_1_313' title='bbox 2018 4713 2296 4773; x_wconf 87' lang='lat' dir='ltr'><strong>proceres,</strong></span> <span class='ocrx_word' id='word_1_314' title='bbox 2322 4693 2717 4772; x_wconf 70' lang='lat' dir='ltr'><strong>purpureique</strong></span> <span class='ocrx_word' id='word_1_315' title='bbox 2740 4707 2951 4773; x_wconf 77' lang='lat' dir='ltr'><strong>patres.</strong></span> 
     </span>
    </p>

    <p class='ocr_par' dir='ltr' id='par_1_11' title="bbox 1599 4787 2901 4962">
     <span class='ocr_line' id='line_1_37' title="bbox 1599 4787 2901 4867; baseline -0.001 -18"><span class='ocrx_word' id='word_1_316' title='bbox 1599 4787 1746 4849; x_wconf 87' lang='lat' dir='ltr'><strong>Inde</strong></span> <span class='ocrx_word' id='word_1_317' title='bbox 1774 4787 2110 4848; x_wconf 87' lang='lat' dir='ltr'><strong>Tarentinis</strong></span> <span class='ocrx_word' id='word_1_318' title='bbox 2135 4788 2328 4867; x_wconf 80' lang='lat' dir='ltr'><strong>pergit</strong></span> <span class='ocrx_word' id='word_1_319' title='bbox 2354 4787 2575 4847; x_wconf 84' lang='lat' dir='ltr'><strong>radiare</strong></span> <span class='ocrx_word' id='word_1_320' title='bbox 2604 4787 2901 4854; x_wconf 82' lang='lat' dir='ltr'><strong>Cataldus,</strong></span> 
     </span>
     <span class='ocr_line' id='line_1_38' title="bbox 1673 4879 2880 4962; baseline -0.002 -20"><span class='ocrx_word' id='word_1_321' title='bbox 1673 4883 1943 4944; x_wconf 87' lang='lat' dir='ltr'><strong>Donatus</strong></span> <span class='ocrx_word' id='word_1_322' title='bbox 1971 4883 2190 4962; x_wconf 87' lang='lat' dir='ltr'><strong>Lupios</strong></span> <span class='ocrx_word' id='word_1_323' title='bbox 2216 4883 2397 4942; x_wconf 82' lang='lat' dir='ltr'><strong>frater</strong></span> <span class='ocrx_word' id='word_1_324' title='bbox 2424 4891 2486 4940; x_wconf 88' lang='lat' dir='ltr'><strong>et</strong></span> <span class='ocrx_word' id='word_1_325' title='bbox 2512 4879 2649 4942; x_wconf 86' lang='lat' dir='ltr'><strong>inde</strong></span> <span class='ocrx_word' id='word_1_326' title='bbox 2678 4879 2843 4940; x_wconf 87' lang='lat' dir='ltr'><strong>docet</strong></span> <span class='ocrx_word' id='word_1_327' title='bbox 2858 4903 2880 4951; x_wconf 82' lang='lat'><strong>,-</strong></span> 
     </span>
    </p>
   </div>
  </div>
 </body>
</html>
