4384 5817
1259 524 1618 598 012:an
1657 523 2219 606 SCOTORUM,
2265 521 2447 594 LIB.
2496 523 2589 596 11.
3248 527 3331 596 91

1273 851 1284 858 ·
1423 783 1502 906 s.
1553 829 2135 908 BARNAnAs.
2240 829 2409 906 160.

517 1067 594 1140 S.
645 1066 1128 1149 BAn-NABAS,
1171 1064 1542 1158 apostolus
1589 1071 1663 1137 et
1709 1063 2109 1160 discipulus
2157 1061 2481 1148 Domini,
2530 1065 2611 1137 in
2660 1063 2902 1164 Scotia
2950 1066 3322 1138 conciona-

514 1193 657 1266 tus,
687 1179 1144 1278 evangelium
1175 1176 1492 1266 diffudit.
1525 1177 1794 1277 θοοῖς.
1829 1177 2205 1254 Garnefelt
2234 1175 2761 1254 Carthusianus
2792 1181 2949 1253 loco
2992 1181 3321 1274 proxime

511 1318 736 1390 supra
765 1295 1060 1370 laudato
1091 1317 1184 1370 ex
1213 1294 1466 1370 multis
1497 1295 1933 1380 auctoribus,
1953 1293 2231 1388 quibus
2252 1293 2668 1368 addendum
2688 1294 3269 1370 Scotichronicon
3290 1320 3321 1384 ς

511 1423 586 1488 et
615 1413 828 1490 ‘hanc
883 1411 1191 1510 gloriam
1249 1410 1450 1486 Scoti
1501 1411 1829 1486 lubentes
1886 1423 2339 1495 veneramur,
2399 1419 2829 1503 tantumque
2894 1433 3318 1504 praeconem

513 1528 724 1600 enixe
753 1545 1050 1602 oramus
1075 1525 1426 1621 quotidie,
1469 1533 1557 1600 ut
1587 1547 1674 1602 ea
1703 1525 2008 1620 puritas,
2053 1545 2273 1620 quam
2318 1525 2477 1619 ipse
2516 1525 2784 1600 insevit
2828 1525 3109 1600 Scotiae
3152 1547 3317 1600 nos·

513 1651 688 1727 trae,
736 1643 1034 1714 tandem
1079 1641 1328 1715 redeat
1373 1661 1540 1716 cum
1589 1663 1676 1718 eo
1717 1640 2000 1716 fervore
2041 1663 2190 1736 quo
2232 1663 2311 1714 se
2350 1641 2475 1714 ille
2518 1639 2661 1714 Dei
2692 1643 3027 1716 ecclesiae
3053 1649 3318 1736 propa-

511 1758 788 1854 gandae
818 1757 1232 1832 devoverat.
1335 1757 1532 1832 Hinc
1565 1755 1834 1832 habent
1861 1755 2082 1842 Sonti,
2127 1757 2325 1851 quod
2362 1765 2581 1831 antea
2623 1759 3055 1842 nesciebant,
3098 1757 3315 1830 fidem

511 1872 784 1950 Christi
829 1874 1314 1966 apostolorum
1359 1870 1826 1966 temporibus,
1871 1881 1946 1948 et
1985 1871 2082 1947 ab
2125 1871 2319 1967 ipsis'
2345 1873 2713 1968 apostolis,
2746 1874 2887 1949 sibi
2918 1875 3315 1950 eommuni-

511 1997 766 2073 catam,
799 1997 876 2064 et
905 1987 1264 2062 maturius
1293 2004 1416 2062 cc.
1447 1985 1658 2062 annis
1685 2009 1908 2082 quam
1941 1988 2361 2084 putabatur.
2406 1987 2637 2064 Porro
2668 1987 2801 2062 SS.
2844 1993 2961 2062 vir
2990 1991 3311 2084 scripsis-

511 2127 588 2177 se
619 2103 1018 2197 putabatur

803 2217 1214 2314 Epistolam
1247 2219 1340 2292 ad
1373 2217 1736 2294 Ecclesiae
1767 2217 2357 2294 Aedificationem
2390 2220 2889 2314 pertinentem.
2984 2221 3311 2316 Apocrya-

903 2333 1130 2428 pham
1170 2343 1414 2410 censet
1455 2333 1766 2410 Sanctus
1811 2331 2309 2428 Hieronymus
2338 2333 2711 2433 Catalogo.
2764 2335 3025 2410 Petrus
3068 2337 3193 2411 lib.
3233 2355 3309 2407 v.

905 2471 1064 2545 cap.
1097 2467 1228 2524 ον.

555 2551 567 2564 ’
605 2567 892 2644 colitur
923 2581 1044 2642 x1.
1076 2563 1307 2647 Junii-

1353 2763 1430 2840 S.
1479 2761 2209 2842 BACCHIARIUS.
2314 2763 2483 2840 161.

507 2917 578 2990 S.
613 2915 1224 3000 Rauennam&
1246 2923 1724 3013 cognomento
1756 2913 2157 3000 Maccaeus,
2191 2922 2278 2988 ut
2308 2915 2637 2992 nonnulli
2672 2919 2949 3002 volunt,
2983 2918 3149 2990 licet
3182 2919 3307 2989 alii

508 3034 686 3104 duos
717 3030 1014 3116 faciant,
1057 3029 1453 3128 discipulus
1484 3027 1732 3104 Sancti
1768 3028 2092 3117 Patricii,
2125 3031 2217 3104 de
2247 3051 2395 3125 quo
2426 3041 2657 3129 agunt
2690 3031 3141 3130 Capgravius
3174 3033 3312 3104 Ca·¹

506 3150 746 3243 talogo
779 3143 906 3220 SS.
943 3143 1226 3222 Britan.
1264 3143 1786 3242 Harpesfeldus
1817 3149 2058 3222 seculo
2090 3163 2648 3242 v1.cap.xx11.
2748 3146 3053 3242 Scripsit

801 3259 928 3334 Ad
958 3259 1276 3336 Leonem
1311 3259 1376 3334 1.
1409 3259 1685 3355 Papam
1722 3283 1856 3356 pro
1887 3261 2481 3361 Peregrinatione
2696 3262 2823 3336 lib.
2862 3282 2914 3334 1.

599 3378 886 3450 Claruit
935 3399 1126 3451 anno
1175 3393 1520 3451 ccccm.
1569 3377 1698 3471 qni
1748 3378 2132 3470 persuadet
2173 3389 2261 3452 ut
2317 3379 2621 3452 eundem
2680 3381 3082 3452 existimem
3142 3403 3303 3450 cum

505 3494 763 3566 Sancto
798 3492 1155 3578 Maccaeo,
1187 3502 1274 3568 ut
1303 3491 1430 3567 lib.
1465 3509 1618 3566 xn.
1655 3489 1866 3568 infra.

1415 3722 1492 3796 S.
1543 3721 2120 3798 BARUCHUS.
2226 3723 2393 3800 162.

501 3956 570 4027 S.
641 3956 1126 4042 Banucuus,
1191 3957 1494 4032 antistes
1563 3957 2082 4040 sanctissimus,
2148 3955 2507 4029 maximus
2588 3955 2969 4034 Scotorum
3036 3959 3325 4051 cpisco-·

499 4093 658 4162 pus,
707 4073 836 4165 qui
880 4071 960 4144 in
1005 4071 1270 4146 Bossia
1311 4071 1672 4146 residebat
1712 4080 1803 4145 ut
1843 4071 2263 4165 plurimum,
2306 4093 2472 4146 cum
2516 4075 2785 4146 multos
2828 4095 3055 4146 annos
3098 4095 3303 4166 prae-

499 4187 978 4262 dicationibus
1043 4189 1389 4282 populum
1457 4189 1812 4274 lactasset,
1877 4187 1958 4260 in
2028 4185 2456 4262 Hiberniam
2524 4190 2834 4271 secessit,
2902 4198 2977 4260 et
3044 4190 3301 4260 exinde

498 4302 574 4371 in
634 4301 1116 4387 Britanniam,
1175 4325 1306 4376 seu
1361 4301 1729 4386 Walliam,
1783 4302 1910 4375 ubi
1965 4304 2146 4381 obiit
2204 4305 2715 4378 miraculorum
2772 4288 3016 4402 gratia
3079 4308 3301 4401 glori·

500 4418 716 4490 osius.
819 4417 992 4490 Gul.
1027 4417 1457 4504 CamdenuS,
1495 4420 1632 4491 etsi
1663 4419 2086 4503 haereticus,
2119 4429 2363 4492 tamen
2396 4443 2561 4494 eum
2590 4431 2635 4464 “
2660 4423 2901 4493 virum
2930 4423 3298 4494 sanctum”

499 4542 706 4606 vocat
755 4553 920 4630 pag.
973 4551 1176 4606 οἷν.
1226 4535 1502 4626 primae
1551 4533 1908 4608 editionis.
1959 4533 2084 4606 Ab
2132 4557 2219 4608 eo
2268 4537 2563 4610 comites
2610 4535 3098 4620 Cathenesiac,
3152 4536 3299 4606 dic-

497 4649 556 4718 ti
609 4645 856 4732 Barri,
913 4669 1224 4744 qnorum
1279 4647 1618 4743 frequens
1677 4671 1841 4722 cum
1899 4647 2192 4746 regibus
2254 4653 2523 4724 nostris
2588 4651 2917 4736 affinitas,
2988 4655 3080 4722 ad
3145 4663 3296 4723 ata·

501 4783 778 4854 rorum,
831 4765 1000 4840 licet
1043 4766 1325 4840 minore
1372 4765 1626 4862 gradu,
1675 4775 2004 4860 tempora
2049 4765 2589 4845 descenderunt.
2690 4767 3290 4840 Scotiehronicon.
