4384 5817
2418 561 2477 644 ii

1061 784 1394 885 tempus
1457 770 1814 857 Tornaci
1877 782 1964 855 et
2019 770 2375 857 Tolosae
2433 769 2969 861 humaniores
3028 770 3355 859 litteras
3409 775 3829 875 docuerat,

1061 929 1253 1001 cum
1293 905 1474 1013 ejus
1511 902 1782 1013 prima
1819 911 2045 985 aetas
2081 900 2217 985 his
2264 901 2579 985 mirum
2628 900 2720 986 in
2774 906 3125 989 modum
3178 904 3489 1005 dedita,
3542 904 3635 989 in
3690 906 3831 989 iis-

1061 1028 1423 1142 demque
1461 1058 1512 1113 a
1547 1030 1601 1113 J
1605 1041 1794 1114 usto
1835 1028 2124 1141 Lipsio
2161 1029 2607 1113 institutus
2646 1030 2961 1117 fuisset.
3076 1032 3389 1117 Caussa
3434 1060 3634 1117 vero
3682 1034 3827 1117 de-

1058 1160 1454 1243 serendae
1491 1158 1818 1243 Galliae
1867 1158 2056 1257 fuit,
2109 1158 2345 1269 quod
2392 1158 2767 1243 concitus
2824 1160 2933 1245 ad
2988 1158 3256 1245 rixam
3298 1161 3829 1273 ¹gravissima-s

1055 1288 1532 1373 inimicitias
1570 1315 1763 1371 cum
1801 1284 2417 1397 potentioribus
2454 1286 2957 1397 quibusdam
3014 1302 3509 1402 susceperat,
3560 1290 3824 1401 quod-

1051 1446 1215 1529 que
1253 1444 1304 1499 a
1340 1414 1704 1527 Magnae
1744 1413 2235 1499 Britanniae
2270 1442 2463 1525 rege
2500 1416 2820 1529 patriae
2856 1416 3256 1501 historiae
3303 1418 3823 1503 conscriben-

1047 1548 1204 1631 dae
1249 1546 1743 1631 mandatum
1801 1555 2249 1656 acceperat.
2366 1542 2624 1627 Plura
2672 1543 2831 1630 hac
2878 1546 2991 1630 de
3040 1574 3131 1630 re
3180 1546 3551 1659 reliquit,
3603 1547 3821 1632 nihil

1050 1687 1356 1775 tamen,
1394 1674 1626 1786 quod
1673 1674 1950 1773 sciam,
2001 1674 2092 1757 in
2145 1670 2451 1785 vulgus
2500 1673 2791 1757 edidit.
2905 1674 3277 1759 Venerat
3338 1676 3425 1758 in
3486 1676 3821 1761 Italiam

1049 1802 1184 1888 vel
1222 1814 1421 1889 ante
1459 1801 1676 1886 illud
1713 1813 2070 1914 tempus,
2121 1830 2295 1913 quo
2344 1829 2395 1884 a
2440 1801 2743 1885 cosmo
2790 1802 2908 1887 ΙΙ.
2961 1804 3233 1888 factus
3288 1814 3418 1887 est
3469 1803 3823 1888 Pisanus

1043 1931 1459 2045 magister,
1493 1944 1585 2016 et
1623 1928 1961 2015 Romae
2001 1942 2190 2014 tum
2240 1930 2499 2013 fuisse
2548 1958 2656 2015 ex
2716 1948 2821 2015 eo·
2872 1932 3176 2044 conjici
3228 1943 3533 2043 potest,
3586 1932 3819 2043 quod

1041 2091 1192 2176 per
1231 2062 1581 2145 Petrum
1616 2060 2100 2159 Stroctium,
2139 2057 2609 2170 praesulem
2648 2059 3279 2171 amplifflimum,
3324 2058 3675 2147 Paullus
3713 2060 3815 2147 V.

1040 2218 1416 2275 summus
1449 2190 1858 2303 pontifex,
1881 2192 1892 2199 ’
1915 2190 2215 2301 ipsum,
2262 2200 2373 2273 ut
2422 2188 2795 2303 praemio
2848 2187 3139 2301 aliquo
3186 2189 3656 2275 afficeretur
3698 2192 3818 2275 ob

1041 2325 1451 2433 ejuratam
1469 2318 1923 2417 'haeresim
1959 2318 2068 2403 de
2103 2316 2452 2402 meliore
2500 2329 2705 2401 nota
2728 2318 3075 2428 -Magno
3126 2318 3347 2403 Duci
3396 2342 3817 2409 commen-
3942 2368 3949 2375 ·

1039 2448 1290 2533 davit.
1405 2438 1726 2531 Paucos
1758 2457 1956 2558 post
1987 2472 2317 2529 menses
2354 2472 2608 2556 quam
2648 2446 2739 2529 in
2780 2446 3212 2531 Etruriam
3262 2461 3628 2549 venerat,
3672 2476 3815 2560 pe-

1035 2578 1178 2661 tiit
1239 2588 1346 2661 ut
1407 2576 1566 2661 sibi
1623 2586 1994 2689 potestas
2051 2574 2397 2658 daretur
2454 2573 2865 2657 redeundi
2926 2574 3035 2659 ad
3096 2603 3311 2675 suos,
3376 2604 3477 2660 ac
3526 2604 3813 2663 secum

1038 2706 1268 2790 Pisas
1298 2730 1660 2789 uxorem
1699 2717 1788 2788 et
1824 2702 2231 2789 familiam
2268 2702 2761 2805 devehendi,
2816 2704 3050 2814 quod
3086 2704 3163 2787 ei
3202 2704 3449 2791 facile
3482 2732 3813 2793 conces·

1035 2864 1224 2919 sum
1261 2846 1410 2935 est,
1447 2834 1816 2946 dataque
1855 2832 2215 2947 pecunia
2246 2858 2423 2917 non
2472 2830 2747 2915 solum
2800 2833 2908 2917 ad
2962 2833 3125 2919 iter
3174 2834 3811 2935 conficiendum

1035 2966 1182 3050 sed
1221 2965 1477 3049 etiam
1511 2964 1624 3047 ad
1667 2962 2062 3047 emendos
2097 2963 2377 3061 libros,
2415 2961 2724 3073 quibus
2760 2990 2851 3046 se
2886 2990 3130 3073 egere
3186 2962 3649 3049 affirmabat
3698 2964 3811 3049 ad

1035 3092 1652 3178 contexendum
1711 3119 1923 3203 opus
1977 3092 2088 3175 de
2149 3092 2500 3175 Etruria
2546 3089 2870 3239 Regali,
2922 3092 3181 3204 quod,
3246 3092 3429 3205 ipso
3485 3090 3855 3202 Magno.

1033 3222 1276 3307 Duce
1311 3234 1674 3319 auctore,
1711 3232 2209 3332 susceperat.
2326 3220 2678 3305 Rediit
2656 3248 2745 3304 m
2785 3220 3219 3305 Etruriam
3252 3222 3367 3305 ad
3398 3220 3809 3307 constitu-

1032 3364 1219 3435 tum
1255 3364 1612 3461 tempus,
1651 3360 1740 3433 et
1775 3358 1984 3432 tum
1999 3348 2231 3431 illius
2268 3350 2785 3463 stipendium
2818 3362 3167 3434 auctum
3202 3350 3375 3435 fuit
3428 3350 3539 3435 ad
3576 3378 3803 3435 cccc.

1029 3508 1296 3593 usque
1335 3491 1781 3564 centusses.
1895 3478 2110 3561 Sane
2161 3477 2381 3561 nihil
2432 3506 2605 3560 non
2662 3504 2992 3589 sperare
3040 3490 3377 3589 poterat
3416 3505 3473 3563 a
3506 3477 3805 3589 Mam

1031 3610 1296 3694 Ducis
1337 3606 1864 3707 liberalitate,
1901 3606 2052 3691 sed
2091 3608 2199 3689 ob
2238 3607 2885 3689 inconstantiam
2925 3606 3379 3719 quamdam
3428 3618 3804 3705 naturae,

1029 3750 1118 3821 et
1154 3742 1262 3822 ob
1311 3738 1634 3823 illatam
1685 3765 1736 3820 a
1789 3734 2221 3845 discipulis
2270 3734 2449 3832 sibi,
2504 3735 2922 3846 uxorique
2967 3734 3279 3819 eximia
3332 3733 3805 3846 pulchritu-

1029 3866 1226 3949 dine
1265 3866 1661 3977 injuriam
1716 3866 1968 3967 (nam,
2019 3890 2213 3947 cum
2258 3864 2695 3973 gymnasio
2746 3864 3094 3948 domum
3147 3863 3483 3963 rediret,
3526 3892 3803 3951 arcam

1027 4008 1353 4107 captam
1411 4020 1510 4077 ac
1573 3992 2016 4076 mulierem
2077 3994 2182 4074 ab
2242 4020 2333 4075 se
2388 3994 2835 4077 abductam
2886 3992 3231 4103 reperit)
3290 3993 3799 4079 academiam

1025 4124 1412 4209 Pisanam
1449 4121 1824 4206 deseruit
1861 4133 2032 4203 tres
2065 4131 2260 4231 post
2292 4126 2559 4205 annos
2594 4148 2851 4233 quam
2888 4120 2977 4204 in
3017 4150 3119 4205 ea
3157 4122 3621 4207 Pandectas
3655 4148 3801 4209 ex·-

1021 4250 1492 4365 plicavemt,
1532 4262 1621 4335 et
1654 4250 1766 4333 ad
1804 4249 2423 4333 Bononiensem
2462 4252 2855 4362 migravit
2886 4249 3423 4337 humaniores
3472 4250 3799 4337 litteras

1022 4382 1110 4464 in
1151 4380 1298 4464 illa
1335 4380 1828 4465 traditurus.
1943 4378 2427 4490 Antequam
2468 4376 2681 4461 Pisis
2716 4376 3203 4477 discederet,
3252 4378 3558 4464 Cosmo
3610 4405 3801 4463 mu·-

1021 4538 1184 4594 nus
1217 4510 1452 4594 misit
1487 4508 1678 4593 libri
1721 4508 1828 4594 de
1882 4508 2231 4591 Etruria
2284 4504 2606 4619 Regali,
2656 4516 2747 4589 et
2796 4503 3109 4593 mirum
3156 4534 3356 4591 sane
3404 4508 3797 4591 omnibus

1018 4639 1281 4725 videri
1323 4642 1576 4727 debet
1613 4639 1892 4751 ipsum
1927 4638 2160 4721 brevi
2202 4638 2411 4720 adeo
2448 4646 2824 4747 tempore
2864 4646 3051 4719 tant
3059 4662 3201 4721 um
3242 4662 3479 4749 opus,
3504 4660 3799 4746 quam-

1018 4768 1140 4852 vis
1198 4766 1286 4853 in
1337 4766 1486 4853 illo
1537 4766 1812 4853 multa
1871 4769 2046 4853 sint
2099 4765 2607 4878 imperfecta,
2644 4762 3069 4851 'conficere
3124 4764 3517 4877 potuisse.
3634 4763 3797 4853 Sed
