4384 5817
1350 508 1705 579 GENTIS
1752 506 2310 589 SCOTORUM,
2356 506 2540 577 LIB.
2581 508 2664 573 V.
3279 508 3400 574 251

1438 814 1512 887 S.
1568 813 2308 889 ETHERNANUS.
2410 817 2580 895 459.

610 1048 687 1122 S.
723 1049 1335 1131 ETHERNANU8‚
1380 1047 1701 1140 aequalis
1734 1068 1817 1117 ac
1850 1046 2245 1138 discipulus
2294 1045 2389 1116 D.
2441 1045 2854 1130 Columbae,
2908 1067 2991 1116 ac
3037 1067 3259 1139 nepos
3309 1067 3400 1116 ex

610 1186 875 1239 sorore.
978 1163 1191 1236 Hect.
1228 1162 1487 1235 Boeth.
1522 1161 1647 1233 lib.
1686 1176 1802 1233 11.
1854 1160 2132 1234 Histor.
2171 1160 2426 1234 Scotic.
2478 1184 2642 1257 pag.
2681 1178 2998 1233 chvn.
3101 1161 3396 1235 Menas-

610 1282 793 1352 terio
826 1280 1081 1353 Divini
1113 1278 1363 1363 Ruris,
1398 1286 1487 1349 ut
1518 1286 1802 1362 vocant,
1832 1277 2282 1370 praepositus
2307 1297 2329 1361 ;
2364 1286 2520 1349 erat
2552 1286 2796 1349 autem
2829 1277 3011 1349 illud
3041 1298 3270 1351 unum
3305 1298 3396 1347 ex

608 1396 1129 1490 antiquissimis
1163 1394 1357 1467 eain
1404 1401 1641 1491 gente,
1692 1393 2133 1467 habitatione
2177 1393 2374 1464 illius
2405 1393 2840 1465 sanctissimi
2875 1393 3016 1465 viri
3061 1393 3394 1466 nobilita-

608 1520 790 1595 tum,
824 1520 911 1583 ut
942 1511 1161 1583 refert
1192 1510 1267 1582 S.
1303 1508 1778 1584 Adamwnus
1813 1508 2067 1581 Scotus
2094 1509 2173 1579 in
2195 1508 2374 1581 Vita
2405 1506 2481 1579 S.
2519 1507 2909 1580 Columbae
2939 1508 3064 1580 lib.
3103 1526 3192 1580 11.
3227 1530 3392 1603 pag.

611 1645 857 1698 xxm.
913 1624 1127 1699 Joan.
1181 1625 1520 1699 Leslaeus
1571 1625 1695 1698 lib.
1748 1642 1859 1696 lv.
1909 1645 2074 1719 pag.
2129 1642 2326 1703 cnn.
2376 1624 2663 1716 templis
2714 1624 2936 1698 variis
2983 1626 3063 1695 in
3102 1625 3274 1696 locis
3323 1624 3391 1696 ei

606 1743 859 1817 erectis
891 1746 1006 1815 die
1040 1760 1255 1815 xxn.
1288 1740 1725 1814 Decembris.
1834 1740 2160 1811 Breviar.
2199 1738 2454 1812 Scotic.
2555 1738 2813 1819 Edidit
2845 1738 2966 1811 ille

902 1856 1123 1931 Gesta
1154 1856 1542 1931 Columbae
1572 1855 1943 1928 Avunculi
2481 1854 2608 1925 lib.
2647 1872 2700 1927 1.

701 1972 1015 2045 Vivebat
1064 1994 1253 2044 anno
1305 1988 1527 2043 Dcv1.
1629 1969 1723 2043 In
1770 1978 2053 2043 sanctos
2100 1970 2410 2055 relatus,
2445 1968 2692 2043 Uvion
2741 1969 2864 2042 lib.
2921 1986 3044 2041 111.
3099 1987 3384 2043 cnxw.

602 2090 867 2162 colitur
898 2088 1014 2159 die
1048 2102 1290 2159 xxn‘.
1324 2084 1375 2157 J
1376 2086 1681 2159 anuarii.

1644 2318 1719 2391 S.
1770 2317 2077 2391 ΕΤΤΟ.
2179 2317 2348 2391 460.

602 2556 677 2627 S.
723 2552 981 2637 Εττο,
1030 2574 1221 2625 unus
1269 2574 1361 2625 ex
1406 2553 1499 2625 iis
1547 2554 1677 2648 qui
1718 2551 2031 2625 Scotiam
2075 2552 2582 2645 relinquentes,
2625 2554 2870 2624 omnia
2915 2574 3050 2645 pro
3097 2550 3388 2626 Christo

600 2670 753 2764 pati
810 2668 1331 2752 sustinuerunt,
1388 2668 1653 2763 quibus
1710 2669 2294 2741 ardentissimum
2355 2674 2609 2739 votum
2667 2690 2953 2740 causam
3011 2666 3174 2740 fidei
3227 2690 3388 2761 pro-

596 2808 909 2859 movere.
1041 2782 1469 2855 Audiendus
1538 2783 1951 2880 Sigebertus
2030 2782 2422 2855 monachus
2505 2780 3038 2857 Gemblacensis
3121 2784 3389 2861 Chron.

600 2910 644 2945 ‘⁸
677 2900 975 2975 Praeter
1020 2900 1155 2973 hos
1206 2898 1679 2991 (Remaclum,
1733 2898 2219 2983 Stabulaeum,
2283 2896 2816 2984 Theodardum,
2881 2896 3384 2987 Landelinum,

596 3014 995 3100 Morosum,
1026 3014 1463 3100 Aubertum,
1514 3012 1913 3100 Gislenum,
1964 3012 2382 3099 cellensem,
2433 3014 2983 3111 Madelgarium,
3033 3038 3162 3088 seu
3207 3016 3392 3089 Vin-

594 3132 907 3209 centium
967 3130 1415 3227 Trudonem)
1472 3140 1547 3203 et
1602 3132 1725 3203 alii
1786 3130 1997 3202 multi
2054 3131 2142 3201 de
2202 3127 2475 3225 Anglia
2528 3132 2644 3202 vel
2697 3130 2943 3201 Scotia
2997 3131 3076 3201 in
3131 3130 3387 3203 Galliis

594 3246 1155 3343 peregrinantes,
1223 3245 1524 3319 verbum
1588 3244 1731 3316 Dei
1796 3244 2268 3329 seminabant,
2329 3248 2783 3338 multumque
2849 3245 3166 3319 fructum
3231 3246 3389 3319 Deo

594 3361 971 3446 faciebant,
1004 3362 1275 3434 scilicet
1308 3360 1515 3445 Etto,
1548 3360 1973 3445 Bertuinus,
2017 3360 2442 3454 Eloquius.”
2543 3359 2702 3432 Hos
2747 3371 2989 3434 autem
3038 3384 3184 3433 non
3233 3362 3387 3435 An-

594 3480 779 3574 glos,
830 3478 955 3551 sed
1006 3477 1255 3550 Scotos
1303 3476 1552 3559 fuisse,
1612 3498 1832 3569 supra
1885 3477 1965 3548 in
2014 3476 2091 3549 S.
2142 3476 2458 3570 Eloquio
2505 3486 2874 3550 ostensum
2923 3487 3053 3561 est,
3107 3489 3180 3549 et
3229 3478 3390 3550 ideo

594 3602 867 3677 auctor,
893 3614 1137 3666 rerum
1164 3602 1575 3665 nostrarum
1602 3594 1922 3692 ignarus,
1948 3592 2340 3687 prudenter
2362 3593 2756 3675 addiderat,
2793 3602 2838 3636 ‘⁶
2863 3594 2952 3665 de
2975 3592 3248 3689 Anglia
3273 3596 3388 3665 vel

592 3708 895 3782 Scotia.”
1021 3708 1218 3780 Hinc
1284 3708 1503 3781 etiam
1560 3709 1957 3805 peregrinis
2016 3722 2091 3781 et
2158 3710 2456 3782 exoticis
2525 3708 2992 3801 scriptoribus
3049 3708 3386 3803 frequens

592 3826 879 3897 errandi
922 3826 1003 3897 in
1050 3824 1263 3897 rebus
1318 3827 1585 3897 nostris
1636 3826 1907 3897 occasio
1958 3826 2436 3909 ministratur,
2488 3826 2683 3920 quod
2735 3824 2876 3895 viri
2925 3826 3176 3908 sancti,
3225 3826 3386 3897 reli-

589 3941 827 4037 gionis
860 3962 1033 4035 ergo
1066 3942 1303 4031 patria
1334 3942 1752 4013 excedentes
1786 3963 1916 4034 per
1946 3940 2296 4035 Angliam
2340 3940 2484 4012 iter
2525 3940 2839 4033 incipere
2887 3941 3104 4025 soliti,
3155 3938 3382 4037 Angli
3465 3956 3480 3975 ·

590 4056 852 4128 idcirco
904 4056 1126 4127 fuisse
1178 4056 1711 4147 perhibeantur.
1836 4055 1981 4127 Ubi
2032 4059 2352 4128 locorum
2402 4054 2476 4127 S.
2528 4056 2711 4127 Etto
2760 4056 3188 4142 substiterit,
3241 4078 3386 4129 non

590 4170 1046 4262 deprehendi,
1112 4172 1253 4243 nisi
1311 4172 1391 4241 in
1448 4173 1785 4243 coenobio
1850 4172 1918 4242 ei
1984 4180 2260 4243 structo
2337 4170 2430 4243 ab
2509 4171 2884 4255 Hilduino,
2963 4172 3388 4245 observante

591 4284 847 4358 Carolo
880 4287 967 4357 de
1000 4285 1315 4369 Villiers,
1362 4287 1649 4359 doctore
1695 4287 2054 4382 theologo,
2100 4286 2189 4359 ad
2237 4286 2444 4379 epist.
2483 4302 2560 4357 V.
2612 4285 2942 4359 Fulberti
2992 4287 3385 4360 Carnoten-

590 4402 723 4485 sis3
760 4402 848 4472 de
880 4424 1025 4495 quo
1060 4400 1251 4473 infra
1282 4402 1419 4475 hoc
1443 4423 1653 4494 opere
1678 4403 2097 4496 disquiram.
2186 4402 2325 4475 Sed
2361 4424 2456 4475 an
2491 4404 2762 4495 aliquid
2787 4404 3175 4497 scripserit,
3203 4404 3382 4476 mihi

590 4518 1143 4609 inexploratum.

690 4632 1001 4705 Vivebat
1034 4656 1223 4706 anno
1260 4652 1479 4707 nem.
1518 4638 1631 4707 vel
1666 4652 1945 4706 1)ch1.
2030 4634 2317 4708 Colitur
2349 4638 2428 4708 in
2463 4659 2648 4733 pago
2680 4635 3014 4709 Artesiae
3051 4631 3380 4707 Bienvil·

588 4742 793 4819 lieris
810 4749 941 4820 die
974 4768 1056 4822 x.
1089 4746 1297 4821 Julii.
1411 4749 1722 4823 Ferreol.
1756 4748 2059 4823 Locrius
2094 4751 2362 4825 Chron.
2400 4752 2608 4848 Belg.
2643 4774 2808 4847 pag.
2849 4770 2982 4825 Lx.
3085 4750 3386 4845 Episco-
