4384 5817
1143 631 1278 698 282
1918 629 2393 702 HISTORIA
2436 629 3193 702 ECCLESIASTICA

1447 823 1824 896 Sermones
1855 823 1946 894 de
1979 821 2341 915 Tempore
3046 823 3175 897 lib.
3210 843 3267 896 1.

1445 940 1966 1016 Commentarii
1997 941 2076 1012 in
2109 939 2517 1036 Evangelia
3042 941 3169 1013 lib.
3208 959 3267 1012 1.
3308 939 3735 1016 Franciscus
3768 943 3954 1018 Gon-

1541 1080 1728 1154 zaga
1757 1063 1946 1150 part.
1983 1074 2036 1127 1.
2071 1077 2240 1152 pag.
2278 1073 2670 1128 Lxxxvn.

1445 1173 1538 1246 In
1571 1173 1982 1265 Epistolam
2014 1173 2108 1244 ad
2141 1171 2511 1244 Romanos
3034 1173 3159 1246 lib.
3198 1193 3253 1246 1.
3354 1172 3661 1248 Ibidem.

1247 1290 1454 1362 Obiit
1495 1289 1838 1364 Coloniae
1879 1287 2334 1386 Agrippinae
2378 1306 2563 1361 vm.
2608 1289 2687 1362 N
2686 1289 2969 1363 ovemb.
3028 1313 3223 1364 anno
3268 1291 3489 1362 salut.
3545 1310 3943 1366 ucccvm.

1147 1431 1232 1480 eo
1283 1430 1476 1479 anno
1527 1429 1674 1500 quo
1727 1403 2046 1477 Henrico
2095 1405 2669 1501 Lucemburgico
2724 1405 2899 1480 VII.
2978 1407 3365 1500 imperium
3438 1416 3551 1480 est
3609 1410 3941 1482 delatum.

1149 1523 1484 1596 Chronic.
1539 1521 1890 1616 Hirsaug.
1991 1520 2271 1594 Errant
2314 1523 2444 1614 qui
2483 1523 2563 1593 in
2604 1544 2878 1594 annum
2920 1540 3359 1595 mcccxxx.
3406 1525 3769 1620 rejiciunt,
3822 1549 3943 1597 nec

1143 1641 1388 1711 minus
1455 1637 1816 1712 Gesnerus
1897 1639 1979 1709 in
2043 1637 2498 1710 Bibliotheca
2578 1647 2654 1710 et
2730 1637 3059 1732 Raphael
3124 1637 3481 1712 Maffaeus
3549 1639 3945 1714 Volaterra-

1143 1777 1284 1828 nus
1343 1755 1468 1827 lib.
1528 1773 1709 1826 xxl.
1769 1776 1936 1850 pag.
1993 1771 2353 1826 Dcxxxl.
2412 1755 2599 1846 lapsi
2656 1766 2853 1841 sunt,
2917 1756 3095 1828 dum
3160 1755 3375 1850 stylis
3442 1756 3945 1848 discipulorum

1143 1870 1554 1944 confossum
1587 1870 1912 1955 tradunt,
1942 1870 2139 1963 quod
2171 1872 2262 1942 de
2291 1867 2344 1940 J
2344 1893 2578 1944 oanne
2608 1871 2823 1944 Scoto
2856 1873 3071 1968 longe
3104 1871 3197 1945 ab
3220 1871 3365 1944 isto
3388 1872 3677 1944 diverso
3702 1895 3942 1946 verum

1141 1999 1275 2072 est,
1309 1995 1383 2059 et
1413 1987 1612 2059 infra
1642 2010 1689 2060 a
1725 2009 1842 2059 me
1885 1987 2332 2080 expedietur.
2432 1987 2790 2082 Denique,
2836 1996 2924 2061 ut
2972 1997 3213 2061 totum
3260 1989 3351 2059 de
3390 1989 3519 2061 illo
3552 2012 3940 2062 sermonem

1145 2105 1534 2188 absolvam,
1569 2105 1963 2176 auctoritas
1996 2103 2309 2176 Antonii
2354 2103 2716 2187 Andreae,
2762 2111 3207 2198 symmystae
3252 2113 3329 2174 et
3375 2103 3714 2198 discipuli
3764 2107 3943 2201 ejus-

1141 2222 1306 2293 dem
1331 2219 1670 2292 Doctoris
1704 2218 2030 2304 subtilis,
2067 2221 2196 2312 qui
2224 2238 2379 2292 ΧΗ.
2414 2229 2581 2314 post
2604 2245 2773 2294 eum
2806 2243 2998 2293 anno
3031 2219 3415 2293 defunctus
3449 2229 3611 2306 est3
3660 2223 3729 2292 is
3761 2223 3941 2294 enim

1142 2337 1548 2410 Comment.
1576 2338 1669 2409 ad
1693 2336 1820 2408 lib.
1851 2355 2005 2408 ΧΠ.
2040 2336 2422 2444 Μεωρίιχ.
2450 2339 2543 2410 ad
2568 2337 2785 2408 finem
2807 2357 2829 2408 ε
2866 2346 2911 2378 ‘⁶
2936 2334 3127 2407 Tam
3152 2335 3549 2420 sentiendo,
3574 2359 3795 2429 quam
3826 2361 3939 2408 no·

1141 2454 1362 2526 tando
1419 2453 1820 2524 doctrinam
1867 2453 2064 2525 illius
2109 2453 2565 2526 subtilissimi
2607 2463 2685 2526 et
2726 2452 3307 2526 excellentissimi
3351 2452 3688 2537 doctoris,
3740 2456 3933 2550 cujus

1137 2569 1334 2642 fama
1366 2577 1442 2641 et
1473 2569 1820 2641 memoria
1853 2570 1931 2640 in
1965 2569 2458 2642 benedictione
2489 2579 2622 2655 est,
2668 2571 2797 2664 qui
2829 2579 3001 2664 pote
3042 2591 3179 2642 sua
3222 2591 3429 2640 sacra
3472 2578 3545 2641 et
3590 2568 3939 2662 profunda

1139 2687 1469 2758 doctrina
1498 2695 1736 2756 totum
1769 2685 2016 2756 orbem
2058 2685 2507 2778 adimplevit,
2550 2695 2626 2759 et
2664 2687 2844 2760 facit
2884 2707 3243 2770 resonare,
3288 2685 3556 2756 scilicet
3590 2683 3939 2782 Magister

1134 2800 1188 2872 J
1189 2823 1454 2873 oannes
1487 2799 1723 2885 Dum,
1765 2802 1893 2894 qui
1944 2801 2090 2873 fuit
2137 2803 2432 2875 natione
2464 2801 2745 2891 Scotus,
2782 2803 3131 2900 religione
3164 2800 3481 2874 Minor.'’
3562 2800 3935 2875 Bartholo-

1137 2939 1344 2990 maeo
1379 2917 1647 2989 Pisano
1679 2918 1886 3010 paria
1923 2917 2280 2991 scribente
2324 2921 2419 2992 ad
2468 2918 2901 2994 Conformit.
2952 2936 3070 2990 xl.
3123 2925 3312 3012 part.
3350 2935 3439 2988 11.
3488 2939 3656 3014 pag.
3704 2935 3929 2990 cxm.

1137 3033 1280 3104 Sed
1311 3034 1476 3127 quis
1511 3033 1931 3126 epithaphio
1963 3037 2407 3110 contradicat
2432 3035 2468 3108 P
2568 3035 2763 3108 Satis
2796 3035 2937 3108 erit
2978 3036 3073 3107 ad
3102 3033 3389 3130 Anglos
3440 3032 3931 3136 Hibernosque

1137 3171 1263 3242 spe
1295 3171 1430 3222 sua
1460 3151 1919 3245 dejiciendos.
2021 3148 2219 3224 Illud
2250 3153 2353 3224 sic
2384 3153 2601 3226 hodie
2634 3151 2975 3225 Coloniae
3006 3152 3298 3248 legitur,
3348 3159 3423 3222 et
3464 3149 3683 3222 habet
3716 3150 3931 3224 Fran·

1133 3265 1364 3340 niseus
1417 3265 1768 3364 Gonzaga
1813 3277 2004 3362 part.
2056 3287 2110 3340 1.
2160 3291 2330 3368 pag.
2368 3285 2729 3342 Lxxxvl.
2780 3267 3046 3342 Petrus
3097 3267 3551 3360 Cratepolius
3600 3263 3929 3362 Episcop.

1133 3381 1377 3456 Germ.
1411 3407 1578 3482 pag.
1613 3403 1784 3458 xcl.

1975 3531 2170 3593 Sootia
2194 3551 2291 3594 me
2314 3533 2544 3612 genuit,

1969 3627 2192 3708 Anglia
2216 3629 2493 3710 suscepit,

1973 3721 2172 3783 Gallia
2198 3721 2475 3796 erudivit,

1971 3819 2213 3879 Colonia
2237 3817 2343 3879 sed
2367 3839 2526 3881 nunc
2550 3827 2737 3880 tenet.
2860 3847 2869 3852 ·

1229 3965 1428 4040 Dum
1477 3967 1685 4041 nocte
1733 3969 2144 4042 nativitatis
2194 3967 2591 4042 dominicae
2638 3979 2911 4056 oraret,
2954 3973 3274 4042 salvator
3314 3970 3469 4064 ipse
3513 3969 3584 4042 ei
3628 3991 3705 4043 se
3753 3979 3925 4040 trac·

1131 4085 1432 4158 tandum
1467 4088 1674 4178 pueri
1709 4087 1942 4179 specie
1973 4087 2298 4160 tradidit.
2400 4085 2763 4170 Chronica
2810 4087 3177 4159 Francisc.
3226 4095 3418 4180 part.
3470 4105 3559 4159 11.
3610 4086 3737 4157 lib.
3786 4100 3921 4153 vn.

1130 4221 1284 4292 cap.
1321 4219 1447 4272 111.

2129 4400 2496 4476 DONAT
2506 4399 2647 4476 US.
2752 4407 2925 4476 422.

1126 4548 1533 4623 DONATus
1597 4553 1678 4624 in
1743 4553 1981 4645 patria
2044 4550 2141 4625 D.
2212 4552 2589 4626 Benedicti
2645 4555 2975 4650 regulam
3024 4551 3335 4647 juravit,
3404 4561 3568 4626 tum
3634 4550 3713 4623 S.
3772 4549 3921 4621 Ma·

1121 4667 1330 4739 riano
1397 4691 1633 4741 comes
1697 4669 2302 4765 peregrinationis
2370 4667 2863 4756 Germanicae,
2920 4669 3242 4741 inclusus
3298 4669 3619 4764 primum
3676 4667 3771 4738 ad
3830 4661 3918 4734 D.

1124 4783 1324 4857 Petri
1405 4787 1766 4868 sacellum,
1851 4807 2026 4858 mox
2105 4785 2281 4858 novi
2359 4786 2739 4858 Scotorum
2830 4785 3155 4858 coenobii
3236 4785 3655 4868 monachus,
3738 4779 3920 4878 quod

1123 4900 1486 4975 Henricus
1543 4901 1981 4999 burgravius
2043 4919 2136 4990 11.
2201 4899 2435 4976 Scotis
2502 4905 2901 5002 peregrinis
2962 4903 3229 4977 ibidem
3286 4904 3567 4976 exstrui
3622 4899 3913 4974 curavit.
