4384 5817
1131 554 1220 619 24
1909 552 2379 623 HISTORIA
2425 552 3175 625 ECCLESIASTICA

1143 754 1255 815 ter
1285 742 1580 815 unicum
1615 744 2038 837 opusculum
2069 744 2527 836 inscriptum,

1439 856 2020 931 Christianorum
2053 856 2349 929 Puritas
2922 860 3051 933 lib.
3092 878 3145 931 1.

1240 972 1477 1044 Desiit
1508 974 1754 1045 vivere
1785 995 1978 1045 anno
2011 974 2228 1044 salut.
2265 988 2665 1043 chxxvl.
2703 976 2841 1059 vel,
2874 985 2962 1048 ut
2992 976 3143 1059 alii,
3177 993 3423 1049 cccn.
3476 976 3567 1049 In
3598 978 3713 1051 his
3748 980 3938 1053 Mat-

1144 1086 1396 1157 thaeus
1430 1083 2223 1160 westmonasteriensis
2254 1084 2349 1157 ad
2382 1108 2548 1157 eum
2582 1110 2876 1174 annum,
2908 1091 3039 1182 qui
3070 1092 3353 1183 prolixa
3386 1095 3797 1168 narratione
3843 1097 3935 1167 ab

1145 1223 1228 1273 eo
1262 1209 1422 1273 acta
1453 1211 1565 1274 est
1595 1202 2031 1294 complexus.
2135 1199 2637 1276 Hartmannus
2669 1206 2862 1297 apud
2895 1203 3313 1279 canisium:

1751 1344 1944 1405 Scotis
1969 1364 2034 1405 se
2059 1344 2292 1405 Albano
2310 1344 2540 1407 felicem
2564 1358 2821 1429 martyre
2844 1347 3077 1421 clamat,

1823 1438 2083 1501 Victima
2106 1440 2211 1519 qni
2238 1439 2471 1501 Christo
2494 1441 2683 1522 prim
2706 1442 2993 1505 Britanna
3016 1444 3155 1507 fuit.

2005 1652 2082 1723 S.
2131 1652 2839 1732 AMPHIBALUS.
2946 1662 3067 1731 24.

1145 1891 1220 1963 S.
1255 1886 1840 1972 Animatus,
1874 1888 2413 1960 vetustissimus
2457 1900 2735 1971 auctor,
2778 1910 2970 1961 unus
3016 1910 3108 1963 ex
3152 1890 3245 1963 iis
3278 1891 3404 1983 qui
3439 1895 3658 1989 vulgo
3689 1916 3735 1965 a
3774 1917 3936 1968 nos·

1141 2006 1453 2077 tratibus
1476 2002 1754 2087 Culdei,
1777 2002 1916 2075 hoc
1935 2011 2072 2085 est,
2097 2000 2239 2073 Dei
2266 2005 2600 2087 cultores,
2628 2006 3049 2098 nuncupati.
3120 2004 3265 2078 Hic
3296 2008 3563 2079 multos
3596 2010 3687 2080 ad
3716 2008 3925 2081 fidem

1141 2120 1490 2203 doctrina,
1509 2120 1776 2191 multos
1796 2140 2080 2190 morum
2101 2117 2511 2189 innocentia
2528 2121 2916 2211 pertraxit3
2940 2122 3271 2216 regiones
3295 2144 3541 2195 omnes
3560 2123 3929 2207 circuiens,

1141 2238 1260 2328 pie
1305 2234 1752 2327 fideliterque
1799 2232 2377 2316 concionabatur,
2436 2233 2677 2317 verbo,
2738 2235 3025 2327 scriptis
3072 2236 3405 2331 juvabat.
3508 2236 3928 2314 'I'ranslatae

1139 2351 1298 2444 ejus
1328 2350 1672 2441 reliquiae
1703 2364 1851 2420 vn.
1887 2348 2157 2419 calend.
2192 2345 2377 2418 Julii
2410 2368 2601 2420 anno
2634 2365 3089 2421 uchxvn.
3190 2349 3494 2445 Scripsit

1435 2461 1528 2533 In
1555 2483 1804 2535 omnes
1836 2460 2048 2533 Pauli
2081 2460 2451 2554 Epistulas
2924 2466 3050 2537 lib.
3084 2486 3141 2538 1.

1239 2576 1581 2649 Florebat
1612 2577 1749 2650 sub
1781 2576 2249 2649 Fincormaco
2282 2600 2473 2673 rege,
2504 2587 2592 2650 ut
2624 2588 2736 2651 est
2780 2578 2977 2671 apud
3029 2579 3415 2653 Hectorem
3460 2580 3716 2655 Boeth.
3762 2582 3921 2654 libr.

1143 2711 1253 2764 vl.
1291 2690 1572 2765 Histor.
1601 2690 1794 2764 Scot.
1819 2691 1957 2764 hoc
1979 2700 2113 2776 est,
2139 2714 2329 2765 anno
2354 2710 2674 2765 ccxxn.
2709 2691 2913 2766 Idem
2941 2695 3066 2767 ille
3098 2696 3193 2768 ad
3226 2695 3437 2782 fidem
3460 2695 3535 2767 S.
3558 2696 3921 2769 Albanum

1137 2808 1500 2901 perduxit.
1601 2805 2114 2881 westmonast.
2164 2810 2258 2879 ad
2308 2830 2579 2881 annum
2632 2826 3124 2883 Mchxvlu.
3156 2822 3231 2883 et
3262 2809 3495 2883 fusius
3526 2811 3620 2883 ad
3652 2834 3917 2891 annum

1143 2941 1422 2997 eccm.
1455 2920 1574 2997 Jo.
1609 2922 1952 2997 Leslaeus
1985 2925 2108 2998 lib.
2145 2944 2262 2997 111.
2294 2946 2460 3020 pag.
2496 2942 2713 2997 xxn.

1999 3154 2072 3229 S.
2123 3155 2275 3228 AN
2275 3156 2837 3233 MICHADUS.
2938 3168 3059 3237 25.

1141 3396 1214 3464 S.
1272 3392 1863 3477 AmuanDus,
1923 3396 2042 3465 vel
2093 3392 2615 3477 Anmichadus,
2674 3390 3045 3466 Arnoldus
3098 3391 3345 3466 Uvion
3402 3392 3525 3465 lib.
3586 3412 3701 3466 111.
3760 3416 3912 3488 pag.

1138 3526 1438 3583 xxxvl.
1506 3510 1622 3581 vel
1687 3506 2248 3592 Anmichardus,
2336 3508 2593 3581 Petrus
2670 3508 3121 3601 Cratepolius
3198 3510 3275 3579 in
3338 3505 3682 3601 Episcop.
3750 3506 3915 3581 Ger-

1135 3647 1326 3698 man.
1379 3623 1792 3705 monachus,
1829 3632 2302 3718 cognomento
2334 3644 2422 3694 ea
2462 3633 2695 3697 aetate
2738 3625 3008 3697 usitato
3050 3618 3391 3709 finolam,
3428 3623 3697 3697 illustri
3728 3626 3913 3716 apud

1137 3764 1306 3817 suos
1349 3742 1505 3811 loco
1550 3747 1790 3823 natus,
1834 3738 2409 3835 peregrinatione
2454 3742 2547 3811 ad
2590 3742 2745 3811 loca
2782 3748 3029 3811 saneta
3068 3738 3187 3830 pie
3232 3738 3591 3823 instituta,
3634 3738 3715 3810 in
3746 3738 3916 3811 Ger-

1133 3855 1376 3927 mania
1427 3853 1784 3925 Fuldense
1841 3853 2259 3925 coenobium
2320 3855 2637 3939 accessit,
2694 3875 2921 3925 unum
2980 3875 3073 3923 ex
3128 3853 3219 3925 iis
3276 3853 3683 3945 quindecim
3740 3876 3915 3947 quae

1137 3971 1214 4040 in
1281 3968 1654 4039 Scotorum
1721 3968 2032 4061 gratiam
2097 3990 2184 4039 ea
2245 3969 2326 4038 in
2390 3978 2605 4063 gente
2672 3968 3071 4059 antiquitus
3134 3966 3441 4040 fundata
3502 3969 3917 4061 accepimus

1137 4084 1490 4178 quodque,
1523 4089 1611 4154 ut
1643 4078 1922 4173 Gaspar
1947 4080 2351 4153 Bruschius
2384 4084 2772 4167 contendit,
2809 4082 3033 4157 totius
3066 4080 3493 4157 Germaniae
3520 4082 3815 4175 primas,
3848 4092 3917 4153 et

1135 4200 1466 4293 princeps
1541 4194 1856 4267 Romani
1924 4195 2211 4287 imperii
2280 4206 2411 4269 est.
2534 4196 2677 4268 Hic
2742 4198 2863 4269 ille
2926 4198 3323 4271 monastico
3388 4196 3645 4271 habitu
3716 4200 3917 4272 indu-

1142 4325 1262 4388 tus
1317 4334 1484 4387 rara
1533 4310 1804 4403 pietate
1864 4320 1938 4383 et
1999 4332 2269 4406 magna
2318 4312 2645 4385 doctrina
2708 4313 2902 4385 fama
2966 4313 3176 4387 vixit.
3276 4312 3701 4388 Sanctorum
3759 4314 3917 4391 albo

1139 4429 1494 4519 ascriptus
1528 4444 1647 4497 111.
1683 4426 1950 4498 calend.
1988 4424 2333 4499 Februar.
2370 4426 2775 4501 Trithemio
2806 4435 2989 4500 teste
3020 4426 3205 4499 libro
3248 4428 3465 4500 tertio
3512 4426 3601 4502 de
3642 4426 3801 4501 Vir.
3836 4429 3919 4500 il·

1139 4548 1346 4617 lustr.
1386 4540 1566 4615 Ord.
1603 4540 1846 4613 Sancti
1881 4541 2257 4613 Benedicti
2298 4565 2453 4636 cap.
2492 4560 2766 4617 ccxm.
2811 4545 2929 4615 vel
2958 4544 3135 4637 ipsis
3166 4543 3477 4618 calendis
3523 4541 3917 4617 Februarii.

1137 4658 1350 4754 Ejus,
1383 4665 1470 4731 ut
1503 4658 1730 4741 aiunt,
1763 4666 1871 4729 est
