4384 5817
1295 535 1652 608 GENTIS
1697 535 2257 648 scojroRUM,
2304 535 2485 604 LIB.
2534 535 2589 602 1.
3246 541 3328 602 41

541 730 738 823 sequi
763 728 1104 826 jussisset
1131 735 1394 820 quarto
1425 735 1712 800 tantum
1743 725 1860 798 die
1891 725 2305 819 episcopum
2338 723 2777 808 Murraviae,
2810 721 3187 796 Scotorum
3219 745 3327 795 re-

539 844 650 938 gis
701 853 1082 926 oratorem,
1131 849 1218 912 ut
1265 840 1462 933 pacis
1508 842 1950 912 conditiones
1993 859 2159 910 cum
2203 826 2577 917 Gallorum
2618 863 2788 936 rege
2836 839 3328 932 disceptaret.'’

538 953 640 1028 Et
663 957 788 1030 lib.
813 975 898 1028 x.
923 958 1002 1027 in
1027 957 1304 1028 limine:
1333 963 1382 998 “
1401 953 1742 1027 Pontifex
1760 963 2140 1047 postquam
2163 953 2496 1027 Bononia
2514 957 2955 1039 discesserat,
2975 954 3069 1026 ad
3086 977 3329 1052 regem

539 1071 930 1144 destinavit
959 1069 1335 1142 Scotorum
1367 1073 1709 1165 legatum,
1751 1079 1838 1141 ut
1881 1079 2435 1162 prosequeretur
2478 1071 2725 1142 eadem
2758 1072 2881 1142 illa
2912 1070 3107 1162 pacis
3142 1072 3329 1164 capi-

536 1194 634 1268 ta,
677 1209 866 1279 quae
911 1185 1004 1257 ab
1047 1207 1134 1256 eo
1179 1207 1342 1256 cum
1389 1185 1718 1276 episcopo
1762 1181 2124 1258 Gurciano
2173 1184 2453 1276 pridem
2502 1185 2764 1280 agitari
2813 1187 3127 1277 coeptae?
3224 1185 3331 1259 Et

535 1299 802 1372 ibidem
831 1301 970 1372 loci
1001 1300 1082 1370 in
1117 1298 1622 1392 sequentibust
1678 1307 1724 1342 “
1757 1297 1960 1374 Inter
1989 1299 2122 1372 has
2155 1303 2553 1372 anxietates
2586 1308 2659 1372 et
2690 1303 3043 1391 scopulos,
3070 1303 3329 1374 victori

536 1415 840 1488 similior
885 1435 1105 1509 quam
1154 1415 1352 1486 victo
1399 1414 1840 1486 conditiones
1889 1413 2190 1488 Carolus
2242 1435 2372 1484 rex
2420 1415 2817 1505 proposuit,
2867 1425 3123 1510 agente
3172 1439 3331 1488 ora,-

535 1537 692 1602 tore
718 1527 1006 1602 Scoto.”
1085 1527 1193 1600 Et
1225 1529 1472 1601 eodem
1502 1527 1700 1600 libro·
1717 1528 1856 1600 sub
1885 1529 2251 1600 medium:
2302 1537 2349 1570 ‘⁸
2372 1526 2688 1598 Demum
2720 1529 3093 1620 episcopus
3126 1529 3333 1604 Mur-³

533 1644 798 1726 taviae,
845 1644 976 1737 qui
1025 1665 1274 1735 pacem
1322 1644 1514 1716 inter
1559 1642 1968 1736 pontificem
2017 1652 2093 1715 et
2140 1663 2387 1738 regem
2437 1641 2838 1716 Galliarum
2868 1653 3325 1730 tractaverat,

532 1761 686 1831 sive
734 1759 978 1831 animo
1023 1759 1596 1851 conscientiaque
1646 1765 1911 1843 motus,-
1961 1758 2116 1829 sive
2160 1757 2359 1850 quod
2410 1757 2951 1838 cardinalatum,
2992 1759 3324 1845 ambiret,

532 1895 696 1946 cum
727 1876 1010 1947 locutus
1043 1872 1300 1946 fixisset
1329 1893 1596 1968 magno
1637 1871 1888 1944 favore
1932 1873 2012 1944 in
2056 1873 2263 1970 regni
2306 1873 2638 1956 comitiis,
2684 1872 3103 1968 ingentique
3148 1895 3331 1968 pon-⁴

528 1987 742 2061 tificis
773 1989 1094 2064 exhibito
1126 1985 1508 2080 aequitatis
1542 1987 1975 2069 testimonio,
2008 1987 2373 2060 decretum
2402 1987 2635 2058 edicto
2668 1987 2955 2079 publico
2986 1988 3151 2075 fuit,
3188 1991 3331 2062 cle-

529 2125 695 2174 rum
727 2103 822 2174 ad
851 2105 1100 2176 concil.
1135 2101 1620 2174 Laterancn‘se
1649 2101 2153 2173 mittendum?
2254 2101 2407 2172 Nec
2442 2110 2683 2174 tamen
2714 2103 2837 2174 ille
2868 2101 3141 2176 frustm
3172 2127 3321 2178 am-

528 2216 716 2290 bivit
745 2238 1166 2309 purpuram,
1201 2237 1372 2288 nam
1403 2213 1648 2288 Julius
1681 2214 1782 2287 11.
1817 2222 1930 2288 tot
1961 2212 2351 2288 benefactis
2382 2216 2709 2310 galerum
2742 2215 3153 2302 destinavit,
3198 2221 3325 2290 sed

529 2340 762 2405 morte
794 2323 1226 2423 praeventus
1255 2351 1406 2402 non
1435 2328 1881 2422 subscripsit,
1913 2349 2046 2400 nec
2077 2328 2303 2400 misit.
2352 2327 2743 2421 Appendix
2766 2330 2859 2401 ad
2882 2328 2934 2399 J
2934 2351 3327 2402 oanmnum

531 2449 620 2517 de
679 2443 1148 2519 Pontificibus
1205 2443 1578 2528 Romanis,
1629 2444 1760 2537 qui
1817 2441 2088 2534 prodiit
2141 2441 2534 2528 Bononiae,
2594 2443 2720 2515 ubi
2770 2443 3149 2516 cardinalis
3209 2445 3329 2518 hie

531 2560 910 2634 scribitur·
890 2609 914 2644 ,
963 2558 1356 2652 Appendix
1385 2579 1558 2632 vero
1592 2557 1928 2630 editionis
1964 2555 2583 2630 Francofurtinae.
2684 2556 2987 2651 Scripsit

820 2673 1014 2748 Acta
1043 2671 1464 2769 Legationis
1497 2695 1670 2746 suae
2320 2672 2445 2744 lib.
2482 2691 2539 2744 1.

827 2787 1196 2882 Epistulas
1227 2809 1362 2880 pro
1391 2795 1598 2879 patre
1628 2786 1722 2859 ad
1753 2785 2094 2858 Carolum
2119 2785 2397 2860 Galliae
2420 2785 2719 2882 Regem,
2744 2787 2939 2880 apud
2963 2809 3178 2880 quem
3202 2790 3322 2862 ille

922 2900 1166 2975 Scotia
1197 2910 1492 2974 exactus
1523 2900 1958 2985 ambulabat,
1995 2900 2118 2974 lib.
2157 2919 2212 2974 ι.
2313 2900 2366 2972 J
2365 2924 2433 2974 0.
2469 2900 2809 2977 Leslaeus
2842 2902 2965 2976 lib.
3003 2919 3185 2974 vm.

628 3017 916 3090 Flomit
945 3037 1135 3090 anno
1169 3031 1816 3090 uccccnxxxnu

1519 3368 2095 3443 ALDREDUS.
2200 3369 2319 3444 63.

529 3599 992 3688 Atnnnnus
1047 3598 1644 3692 archiepiscopus,
1697 3621 1863 3672 cum
1909 3599 2209 3696 Edgaro
2257 3599 2571 3695 Angliae
2626 3621 2795 3694 rege
2844 3623 2889 3670 a
2930 3597 3319 3678 ¹(iruilielmo

531 3713 906 3787 Normano
947 3716 1224 3808 pulsus,
1267 3715 1346 3786 in
1389 3712 1702 3786 Scotiam
1745 3716 2048 3808 appulit.
2097 3714 2757 3786 Malmesburiensis
2802 3714 2926 3786 lib.
2975 3731 3099 3786 111.
3150 3737 3314 3811 pag.

533 3845 772 3899 Lvm.
877 3827 1182 3921 Scripsit
3323 3884 3329 3892 -

827 3942 972 4016 Pro
1003 3941 1300 4056 Edgaro
1333 3943 1536 4040 Rege
1559 3953 1810 4016 contra
1833 3941 2324 4036 Tyrannidem
2352 3899 2907 4028 Nor-manorum,
2930 3965 3079 4037 quo
3103 3965 3314 4036 opere

927 4067 1082 4132 tota
1117 4057 1580 4134 successionis
1613 4056 2058 4154 Anglicanae
2099 4058 2405 4132 materia
2448 4059 2653 4151 plene
2700 4060 3043 4151 aperitur.
3146 4060 3319 4132 Alia

923 4172 1234 4246 Balaeus
1267 4183 1658 4258 enumerat,
1695 4175 1819 4246 sed
1850 4194 1998 4244 non
2033 4173 2207 4245 vidi.

831 4283 1198 4378 Epistulas
1229 4288 1324 4359 ad
1353 4286 1630 4360 Exules
1663 4288 1790 4360 lib.
1820 4305 1872 4360 1.
1943 4288 2224 4360 Multae
2256 4299 2415 4361 tum
2452 4287 2789 4372 familiae,
2824 4311 3067 4386 regem
3101 4311 3313 4361 suum

921 4423 1018 4474 ex
1063 4400 1338 4498 Anglia
1383 4411 1688 4489 secutae,
1747 4404 1826 4475 in
1883 4400 2124 4475 Scotia
2179 4402 2671 4477 consederunt.
2790 4400 3129 4476 Leslaeus
3186 4404 3309 4475 lib.

929 4532 1040 4588 vl.

627 4629 921 4724 Agebat
951 4630 1030 4702 in
1061 4631 1521 4710 Scotia-anno
1559 4649 1858 4706 Mval.
1964 4631 2108 4704 Hic
2139 4653 2271 4706 rex
2302 4633 2636 4707 alumnus
2668 4633 2947 4708 Scotiae
2978 4645 3108 4706 est.

1895 4763 1952 4817 G
2302 4767 2309 4770 .
