4384 5817
78 5448 86 5471 -.
75 5318 84 5429 ——a-u-
73 5156 82 5283 ———·-

1085 591 1216 657 172
1387 629 1396 638 -
1855 543 2324 660 ins'ronm
2370 588 3125 661 EchESIAs'rICA

1093 782 1344 852 ducem
1381 803 1471 851 ex
1505 777 1764 865 Gallia,
1795 779 1922 852 ubi
1956 780 2271 874 principi
2320 803 2454 853 suo
2504 781 2995 854 illustrissimo
3042 783 3282 876 legato
3332 780 3733 856 Barberino
3772 787 3889 857 ad-

1087 897 1382 966 modum
1416 897 1666 966 utilem
1703 917 1992 988 operam
2025 917 2295 968 navare
2340 897 2626 980 dicitur,
2676 897 3041 968 editurum
3087 919 3486 988 speramus.
3586 897 3890 992 Scripsit

1088 1013 1180 1081 ad
1211 1011 1408 1093 haec,
1445 1010 1949 1106 Panegyricos,
1984 1011 2329 1084 Poemata
2361 1014 2585 1095 varia,
2628 1019 2717 1082 ut
2766 1020 2876 1084 est
2922 1011 3217 1108 ingenio
3260 1015 3355 1085 ad
3404 1035 3693 1106 prosam
3736 1036 3891 1084 ora-

1089 1128 1358 1198 tionem
1394 1147 1826 1219 versumque
1857 1125 2210 1198 foecundo
2243 1136 2317 1199 et
2349 1126 2565 1199 facili.

1845 1320 2281 1394 THOMAS
2331 1321 2846 1396 cARcART.
2952 1327 3124 1402 29⁷.

1088 1472 1452 1543 THOMAs
1484 1470 1786 1544 Carcart
1819 1470 2095 1554 Scotus,
2131 1493 2222 1542 ex
2256 1471 2898 1564 cataphractorum
2938 1473 3233 1544 ductore
3266 1473 3343 1542 in
3378 1471 3635 1569 Belgio
3660 1474 3885 1547 factus

1025 1649 1032 1656 .
1087 1587 1630 1668 Franciscanus,
1665 1586 1756 1656 ad
1788 1589 2080 1680 regulae
2113 1587 2590 1659 obedientiam
2623 1587 2833 1670 vixit,
2872 1595 2945 1658 et
2976 1587 3056 1658 in
3088 1587 3229 1659 Dei
3262 1589 3623 1662 mandatis
3654 1613 3887 1662 exess-

1087 1705 1206 1776 sit.
1309 1700 1480 1774 Uno
1511 1703 1802 1792 quidem
1835 1703 2124 1796 cingulo
2159 1703 2571 1790 discinctus,
2606 1703 2733 1774 sed
2763 1703 3043 1774 meliori
3076 1702 3409 1787 donatus,
3442 1705 3731 1816 scripsit

1384 1816 1496 1887 De
1529 1817 1802 1889 Militia
1835 1815 2213 1909 spirituali
2982 1817 3109 1891 lib.
3144 1836 3199 1889 1.

1185 1933 1392 2005 Obiit
1422 1931 1875 2025 Antverpiae
1907 1953 2096 2003 anno
2131 1949 2469 2006 Mncxn.

1707 2161 2227 2236 GEORGIUS
2274 2161 2903 2238 CAMERARIU
2901 2164 2977 2236 S.
3082 2169 3249 2246 298.

1085 2393 1510 2468 GEORGIUS
1544 2395 2020 2482 Camerarius,
2059 2419 2186 2468 seu
2222 2397 2529 2481 Calmer,
2563 2397 2971 2470 adolescens
3010 2397 3491 2483 doctissimus,
3539 2411 3707 2492 post
3738 2411 3883 2474 stu·

1085 2511 1368 2582 diorum
1403 2535 1695 2584 cursum
1729 2515 1808 2584 in
1854 2511 2093 2582 Scotia
2137 2512 2571 2602 completum
2605 2511 2975 2585 Lutetiam
3026 2515 3249 2598 venit,
3300 2537 3447 2606 quo
3490 2517 3771 2588 doctior
3814 2528 3883 2589 et

1085 2629 1337 2699 melior
1393 2627 1616 2711 fieret,
1671 2638 1745 2701 et
1802 2648 1967 2697 cum
2026 2627 2331 2703 alterum
2386 2649 2659 2700 annum
2708 2630 2811 2702 ibi
2862 2631 2942 2700 in
2986 2630 3357 2701 literarum
3408 2631 3666 2727 regina
3712 2633 3885 2705 urbe

1083 2741 1542 2825 substitisset,
1580 2743 2120 2834 Hierosolymos
2169 2741 2314 2811 iter
2354 2741 2713 2830 intendit3
2766 2767 3023 2816 verum
3068 2767 3237 2817 cum
3276 2748 3355 2818 in
3400 2747 3658 2818 idoneo
3706 2751 3875 2820 anni

1083 2865 1404 2950 tempore
1437 2859 1516 2929 in
1551 2857 1836 2930 Italiam
1884 2856 2379 2942 descendisset,
2428 2857 2833 2933 Bononiam
2878 2863 3181 2954 appulit,
3226 2864 3538 2955 indeque
3583 2862 3873 2935 Patavi-

1082 2995 1233 3058 um,
1271 2975 1632 3066 cataplum
1667 2973 2087 3045 orientalem
2120 2980 2672 3064 expectaturus:
2722 2977 2849 3048 sed
2879 2978 3009 3047 diu
3059 2978 3293 3050 virtus
3342 2979 3490 3063 illa,
3536 2985 3611 3051 et
3660 2979 3882 3051 solida

1081 3090 1454 3184 majorque
1487 3097 1722 3161 aetate
1754 3089 2102 3172 doctrina,
2135 3091 2359 3160 latere
2392 3091 2584 3181 apud
2615 3093 2962 3185 populum
3000 3094 3538 3187 sagacissimum
3573 3115 3721 3165 non
3762 3115 3889 3186 po-

1083 3208 1226 3278 tuit
1252 3227 1275 3290 3
1327 3229 1498 3278 nam
1529 3227 1622 3278 ex
1655 3205 1950 3280 latebris
1981 3213 2347 3276 extractus
2380 3206 2461 3276 in
2492 3215 2814 3299 apertam
2846 3211 3104 3292 lucem,
3142 3207 3467 3300 publicae
3512 3209 3883 3282 literarum

1081 3321 1590 3394 humaniorum
1648 3319 2076 3414 professioni
2129 3329 2241 3392 est
2290 3322 2647 3405 admotus,
2696 3322 3174 3394 invitantibus
3224 3331 3298 3394 et
3340 3323 3883 3396 admittentibus

1082 3438 1498 3508 clarissimis
1534 3448 1606 3508 et
1654 3437 2160 3508 illustrissimis
2206 3437 2385 3507 viris
2426 3435 2810 3511 Dominico
2860 3437 2943 3510 M
2948 3439 3163 3520 olino,
3212 3447 3539 3510 senatore
3583 3437 3883 3524 Veneto,

1081 3575 1406 3624 annonae
1439 3553 1848 3635 triumviro,
1883 3550 2114 3621 Paulo
2147 3549 2449 3636 Leonio,
2480 3553 2784 3643 patricio
2819 3553 3256 3638 Pataviensi,
3293 3551 3363 3624 J.
3400 3553 3485 3626 C.
3518 3553 3883 3626 Comitum

1081 3666 1498 3750 Schinellae,
1533 3679 1606 3740 et
1639 3667 1720 3738 M
1726 3665 2022 3738 anfredo
2055 3667 2146 3737 de
2179 3664 2609 3751 Comitibus,
2656 3667 3076 3741 Alexandro
3113 3668 3550 3762 Synclytico,
3582 3670 3881 3762 patricio

1081 3781 1374 3875 Cyprio,
1409 3782 1493 3853 C.
1531 3783 1836 3854 Octavio
1870 3781 2173 3863 Livell0,
2222 3783 2463 3873 equite
2496 3781 3029 3867 SanmarcianO,
3063 3782 3113 3853 J
3115 3830 3137 3853 .
3173 3782 3259 3855 C.
3292 3793 3367 3856 et
3400 3799 3477 3852 v.
3528 3783 3701 3854 clar.
3738 3781 3883 3856 Ro-

1080 3898 1282 3970 berto
1315 3897 1802 3991 Sperancinio,
1837 3895 2257 3968 Pisaurensi
2282 3898 2669 3994 philologo.
2732 3897 2899 3980 Qua
2929 3901 3007 3969 in
3040 3898 3348 3970 statione
3382 3898 3488 3970 ita
3516 3921 3596 3970 se
3629 3897 3879 3970 Came-

1079 4015 1312 4086 rarius
1345 4016 1680 4110 gnaviter
1710 4014 1920 4108 gerit,
1971 4022 2057 4086 ut
2101 4015 2426 4084 omnium
2466 4035 2666 4105 spem
2716 4015 3421 4108 expectationemque
3464 4035 3670 4086 rarae
3720 4035 3875 4086 eru·

1081 4129 1374 4202 ditionis
1407 4129 1906 4224 magnitudine
1940 4136 2016 4199 et
2047 4129 2407 4221 elegantia
2436 4131 2649 4224 longe
2682 4129 3283 4225 transgrediatur.

1180 4244 1484 4337 Scripsit
1517 4247 1610 4316 ad
1641 4244 2213 4318 illustrissimum
2252 4243 2645 4326 Melinum,

1375 4361 1688 4455 Eclogas
2372 4351 2419 4374 ”
2972 4360 3097 4432 lib.
3136 4377 3189 4430 1.

1377 4475 1932 4571 Epigrammata
1964 4476 2052 4546 de
2086 4475 2307 4546 variis
2341 4475 2553 4546 rebus
2825 4563 2840 4579 ·
2971 4477 3095 4548 lib.
3135 4494 3187 4546 1.

1382 4589 1529 4663 Pro
1567 4589 1808 4662 Scotia
1840 4599 2090 4662 contra
2123 4589 2629 4684 Ptochogenen
2967 4592 3093 4663 lib.
3133 4608 3185 4661 1.

1181 4705 1387 4780 Vivit
1419 4707 1654 4779 adhuc
1686 4706 2123 4798 professione
2155 4707 2469 4797 inclytus
2518 4706 2753 4796 primo
2806 4705 3319 4779 adolescentiae
3366 4703 3561 4788 flore,
3616 4703 3885 4778 Graece

1081 4835 1154 4898 et
1187 4823 1452 4898 Latine
1484 4823 1759 4905 doctus,
1785 4843 1998 4896 versu
2032 4830 2104 4894 et
2135 4843 2355 4914 prosa
2382 4821 2635 4894 bonus·
