4384 5817
1237 545 1592 616 GEN-‘FIS
1639 543 2199 624 scoToRUM,
2250 543 2428 613 LIB.
2478 543 2569 612 11.
3216 537 3306 606 97

489 761 658 812 nam
694 737 814 814 Jo.
849 737 1112 812 Daniel
1146 735 1426 832 Mylius
1457 735 1854 832 publicavit
1887 736 2044 834 ejus
2077 736 2393 819 nomine,

793 851 1406 948 Iatrochymic‘um
2483 845 2605 922 lib.
2645 864 2701 918 1.

631 968 638 980 '
785 955 898 1044 De
925 969 1486 1064 Praeparatione
1506 977 1580 1044 et
1604 967 2136 1062 compositione
2165 965 2476 1070 Medica-
2740 995 2749 1006 ·

851 1071 1292 1158 ‘mentorum
1327 1067 1840 1180 Chymicorum
1873 1081 2258 1155 artificiosa
2474 1079 2619 1184 lib.
2642 1096 2698 1151 1.

470 1266 477 1273 .
585 1200 872 1276 Prodiit
904 1221 1096 1272 anno
1131 1215 1422 1272 Mnxx.·
1446 1209 1532 1273 ut
1563 1199 1968 1272 existimem
1999 1198 2208 1268 illum
2241 1195 2393 1268 fato
2426 1193 2779 1268 functum.
2880 1191 2993 1264 De
3026 1215 3110 1266 eo
3145 1191 3292 1264 Ra-

481 1317 693 1411 phael
726 1315 1064 1411 Eglinus'
1085 1313 1417 1386 leonius:
1469 1323 1517 1357 ‘⁶
1549 1313 1784 1398 Salve,
1820 1310 1889 1383 Ο
1921 1312 2049 1383 lux
2083 1309 2429 1384 Scotiae.'’

1234 1509 1662 1586 HECTOR
1711 1506 2270 1583 BOETHIUS.
2376 1511 2545 1586 175.

485 1663 838 1736 an'ron
870 1660 1243 1745 Boethius,
1278 1659 1516 1733 Alecti
1551 1668 1792 1743 natus,
1838 1655 1994 1732 sive
2038 1654 2351 1728 Deidoni
2398 1655 2491 1728 ad
2536 1653 2778 1728 Taum
2823 1654 3287 1738 aestuarium,

483 1777 980 1850 Aberdonensi
1013 1777 1419 1849 academiae
1449 1775 1921 1870 praepositus,
1956 1781 2003 1816 ‘⁴
2035 1773 2151 1844 vir
2183 1771 2571 1867 sIngularis
2604 1771 2878 1867 ingenii
2904 1771 3287 1854 felicitatis,

483 1904 554 1965 et
587 1891 876 1964 facundi
911 1892 1125 1978 oris,”
1157 1890 1251 1963 ab
1283 1889 1600 1963 Erasmo
1645 1888 1722 1961 in
1769 1887 2143 1983 Epistolis,
2190 1887 2321 1980 qui
2354 1885 2584 1958 eidem
2620 1887 2861 1960 studio
2895 1885 3286 1958 Parisiensi

479 2029 625 2078 una
655 2005 960 2079 vacabat
980 2029 1109 2078 an.
1147 2021 1654 2078 mccccxcw.
1759 2001 2172 2078 Alexander
2201 1999 2352 2074 Leo
2386 2001 2595 2094 epist.
2626 2000 2716 2074 ad
2751 2000 3104 2074 Scoticam
3140 2001 3287 2072 No-

479 2121 832 2194 bilitatem
861 2139 880 2192 2
919 2129 964 2164 ‘⁶
991 2121 1212 2194 Haud
1237 2143 1495 2214 parum
1521 2120 1821 2193 meritus
1847 2119 1936 2191 de
1968 2119 2199 2202 nobie,
2234 2118 2463 2210 deque
2494 2127 2745 2190 nostra
2766 2117 3151 2210 republica,
3183 2117 3283 2187 H.

478 2235 900 2308 Boethius.”
1026 2217 1222 2309 Guil.
1275 2235 1684 2308 Gordonius
1733 2235 1942 2328 epist.
1993 2235 2092 2306 ad
2137 2230 2605 2305 Academiam
2660 2231 3286 2305 Aberdonensem:

477 2359 522 2392 ‘⁶
553 2349 980 2424 Plurimum·
1005 2351 1466 2448 gaudendum
1499 2347 1704 2423 vobis
1737 2347 2094 2432 existimo,
2129 2347 2323 2440 quod
2358 2356 2645 2420 nostrae
2676 2348 2914 2446 gentis
2956 2347 3127 2419 hist.
3179 2347 3287 2417 di-

473 2465 874 2540 sertissimo
907 2467 1098 2560 stylo
1129 2467 1436 2541 fideliter
1469 2473 1687 2559 atque
1719 2463 1999 2536 erudite
2032 2447 2455 2556 conscripta,
2499 2485 2589 2536 ex
2634 2473 2882 2536 nostra
2926 2463 3287 2536 academia

470 2579 971 2654 Aberdonensi
991 2571 1309 2676 primum
1330 2581 1679 2675 prodierit
1697 2581 1777 2652 in
1797 2580 2094 2652 lucem?
2144 2563 2252 2651 Et
2269 2580 2485 2671 paulo
2508 2589 2703 2673 post:
2736 2587 2781 2626 ‘⁴
2802 2576 3153 2651 Boethius
3176 2579 3289 2649 vir

473 2697 552 2766 in
575 2697 776 2768 omni
799 2695 1261 2770 scientiarum
1285 2705 1544 2793 genere
1569 2695 1892 2788 apprime
1911 2695 2301 2767 eruditus.'’
2350 2694 2401 2764 J
2401 2718 2467 2767 o.
2492 2693 2865 2767 Ferrerius
2894 2691 3285 2766 Pedemon-

479 2819 702 2882 tanus
742 2811 951 2903 epist.
997 2808 1090 2882 a'd
1137 2801 1489 2884 «Iacobum
1537 2811 1922 2894 Betonum,
1973 2808 2582 2903 archiepiscopum
2634 2809 3162 2910 Glascuensem,
3211 2821 3286 2881 et

479 2925 771 3020 reginae
801 2925 1178 3000 Scotorum
1211 2927 1304 3001 ad
1335 2947 1578 3023 regem
1625 2923 2024 2998 Galliarum
2070 2929 2469 2998 oratorem:
2522 2933 2570 2968 ‘⁸
2604 2921 2879 3000 Hector
2910 2925 3285 3006 Boethius,

481 3041 598 3111 vir
643 3041 1169 3127 ornatissimus,
1214 3053 1288 3115 et
1331 3043 1682 3138 singulari
1727 3042 2055 3114 doctrina
2095 3043 2488 3134 praeditus,
2538 3043 2663 3135 qui
2716 3063 2969 3139 regum
3018 3029 3327 3112 vestro-'

477 3177 640 3226 rum
685 3167 762 3230 et
803 3153 1124 3230 Senticae
1162 3161 1402 3255 gentis
1445 3179 1560 3229 res
1603 3157 1996 3230 clarissime
2041 3167 2429 3252 susceptae,
2476 3169 2550 3230 et
2576 3158 2988 3232 fortissime
3022 3167 3283 3253 gestas.

477 3273 864 3346 memoriae
895 3274 988 3346 ad
1033 3275 1524 3366 posteritatem
1571 3273 1893 3356 tradidit,
1938 3274 2276 3367 typisque
2318 3273 2780 3346 Ascensianis
2824 3271 3027 3345 libris
3074 3257 3284 3344 x'vn.

479 3387 569 3457 ad
603 3388 930 3461 calendas
963 3387 1201 3462 Maias
1235 3411 1426 3463 anno
1459 3391 1674 3461 salut.
1708 3387 2162 3463 Christianae
2212 3407 2582 3487 mnxxvt.
2628 3393 2959 3464 decenter
3000 3410 3289 3481 expres-

479 3501 646 3573 sit.’'
713 3502 988 3578 Paulus
1010 3503 1293 3590 Jovius,
1318 3507 1691 3599 episcopus
1716 3501 2149 3590 Nucerinus,
2175 3507 2253 3578 in
2282 3505 2777 3600 Descriptione
2810 3505 3279 3577 Britanniae:

479 3625 526 3658 “
561 3617 835 3690 Hector
857 3617 1210 3694 Boethius
1235 3619 1501 3715 insigni
1535 3619 1891 3704 facundia,
1921 3629 1993 3693 et
2017 3621 2173 3713 pari
2202 3607 2577 3718 diligentia
2600 3632 3019 3715 perpetuam
3044 3619 3285 3692 Scoto-

478 3754 644 3804 rum
676 3755 930 3830 regum
962 3735 1342 3808 historiam
1375 3735 1467 3807 ad
1501 3733 1852 3806 Jacobum
1885 3737 2000 3806 sui
2033 3739 2346 3809 nominis
2380 3735 2522 3810 ΙΙΙ.
2557 3737 2909 3810 deducit.”
2969 3735 3171 3807 Idem
3201 3738 3280 3807 in
3380 3789 3403 3800 -

477 3845 760 3920 Scotiae
783 3847 1313 3944 Descriptione:
1345 3859 1390 3893 “
1411 3847 1705 3922 Boethii
1733 3851 2050 3922 muneris
2075 3849 2239 3934 fuit,
2264 3852 2413 3958 qui,
2439 3851 2853 3924 curiositate
2876 3862 2955 3925 et
2978 3851 3280 3953 diligen-

479 3963 606 4046 tia,
640 3964 906 4036 amoris
936 3967 1214 4058 patriae
1247 3964 1692 4061 dignissima,
1727 3963 1911 4036 nihil
1944 3966 2294 4038 intactum
2331 3977 2403 4040 et
2436 3967 2589 4038 sine
2623 3967 2855 4052 laude,
2890 3971 3006 4040 vel
3048 3969 3128 4039 in
3170 3991 3283 4039 as-

481 4078 706 4166 pretis
731 4087 950 4172 atque
971 4080 1378 4173 paludibuS,
1403 4081 1762 4174 reliquit.”
1833 4077 1884 4150 J
1885 4103 2046 4153 oan.
2075 4079 2489 4154 Gualterius
2516 4081 2872 4155 Chronico
2896 4082 3282 4156 Chronico-

481 4213 646 4263 rum
679 4203 852 4266 tom.
887 4214 975 4266 11.
1009 4217 1173 4292 pag.
1215 4212 1657 4268 MCCLxxx.
1693 4205 1739 4238 “
1770 4193 2042 4268 Hector
2073 4195 2425 4284 Boethius
2458 4199 2535 4270 in
2569 4198 2764 4270 omni
2793 4199 3282 4291 philosophiae

481 4318 554 4378 et
587 4307 991 4406 theologiae
1021 4333 1280 4406 genere
1313 4311 1867 4395 versatissimus,
1902 4311 2287 4385 historicus
2321 4313 2717 4410 egregius.”

579 4420 826 4494 Tanta
872 4425 1102 4516 ipsius
1141 4425 1357 4508 fama,
1405 4446 1616 4498 verae
1660 4426 1918 4496 virtuti
1963 4425 2366 4524 conjuncta,
2414 4451 2457 4500 a
2497 4429 2863 4501 nonnullis
2908 4427 3283 4501 Scotorum
3333 4510 3340 4518 ,

482 4537 742 4610 honori
789 4536 1292 4612 infensissimis
1340 4539 1668 4612 hostibus
1717 4539 1962 4614 laudes
2011 4553 2255 4615 tamen
2305 4545 2628 4626 extorsit,
2679 4543 2858 4616 alios
2908 4565 3079 4616 vero
3127 4545 3285 4615 An-

481 4651 802 4744 glicanae
849 4653 1226 4747 superbiae
1275 4667 1494 4727 vento
1527 4649 1850 4739 inflatos,
1904 4677 2069 4730 cum
2119 4659 2498 4732 veritatem
2554 4661 2709 4762 pati
2769 4683 2915 4734 non
2971 4671 3281 4752 possent,

483 4767 558 4836 in
589 4767 978 4840 amentiam
1013 4777 1087 4841 et
1119 4769 1390 4842 rabiem
1435 4771 1608 4866 egit.
1709 4767 1831 4842 Ex
1862 4770 2001 4856 his,
2047 4773 2192 4846 duo
2224 4785 2511 4847 tantum
2544 4777 2869 4870 exempla
2908 4776 3278 4849 adducam.

1898 4903 1948 4954 o
