4384 5817
1272 555 1631 626 GENTIS
1679 551 2242 634 scoToRUM,
2291 551 2472 620 LIB.
2529 551 2642 619 VI.
3223 548 3354 616 275

842 751 1131 824 Monita
1162 751 1509 822 salutaria
1541 749 1633 819 ad
1670 747 2221 839 Ferquhardum
2259 744 2532 840 Regem
2731 742 2856 815 lib.
2897 760 2952 814 1.

645 867 1166 960 Episcopatum
1200 874 1311 938 est
1344 867 1646 957 adeptus
1681 862 2350 934 Lindisfarnensem
2385 883 2576 932 anno
2623 878 2844 933 DCLI.
2893 881 3060 929 cum
3105 867 3352 928 tamen

547 983 965 1056 Matthaeus
998 980 1795 1054 westmonasteriensis
1830 1002 2021 1052 anno
2069 997 2259 1050 DeL.
2307 999 2474 1050 eum
2526 979 2937 1070 episcopum
2985 975 3199 1058 dicat,
3246 995 3354 1044 re·

542 1123 705 1198 gem
742 1099 1407 1171 Northumbrorum
1443 1096 1776 1168 Oswium
1809 1097 2236 1189 baptizasse,
2270 1103 2344 1168 et
2377 1095 2848 1166 nihilominus
2883 1092 3021 1164 sibi
3069 1099 3351 1163 contra-

544 1218 784 1289 dicens
820 1239 1013 1288 anno
1048 1234 1155 1286 Dc
1167 1233 1275 1286 ιι.
1328 1214 1502 1285 haec
1552 1214 1817 1286 habet:
1872 1223 1915 1256 ‘⁶
1948 1212 2284 1285 Aidanus
2335 1212 2736 1306 episcopus,
2788 1210 2879 1282 ab
2927 1211 3063 1281 hoc
3113 1208 3353 1282 seculo

547 1334 895 1418 sublatus,
950 1343 1299 1425 perpetua
1349 1330 1676 1402 laborum
1728 1352 2026 1402 suorum
2074 1330 2400 1422 praemia
2430 1329 2742 1421 recepit;
2795 1326 3135 1398 successit
3171 1326 3236 1395 ei
3271 1326 3352 1394 in

546 1451 1033 1543 episcopatum
1088 1445 1756 1520 Lindisfarnensem
1816 1445 2166 1530 Finanus,
2235 1445 2528 1516 natione
2591 1443 2871 1530 Scotus,
2941 1443 3066 1514 sed
3124 1465 3352 1535 parvo

547 1577 866 1658 tempore
924 1567 1003 1637 in
1052 1567 1470 1658 episcopatu
1520 1563 1983 1655 permansit.'’
2103 1562 2310 1635 Obiit
2371 1584 2562 1633 anno
2613 1580 2720 1633 Dc
2733 1580 2902 1633 LXI.
2953 1561 3129 1653 quid
3181 1581 3354 1631 vero

546 1691 709 1776 post
757 1683 1163 1774 depositum
1214 1683 1703 1772 episcopatum
1753 1681 2079 1774 gesserit,
2130 1701 2268 1774 ego
2312 1701 2460 1750 non
2504 1677 2962 1770 deprehendi.
3066 1677 3351 1748 Colitur

546 1801 659 1871 die
693 1817 867 1871 xv1.
904 1798 1255 1872 Februar.
1362 1797 1689 1868 Breviar.
1726 1795 1917 1868 Scot.

1464 2031 1539 2103 S.
1596 2030 2149 2104 FINTANUS.
2256 2035 2426 2110 507.

546 2265 617 2337 S.
657 2267 1097 2338 FINTANUS
1132 2289 1177 2336 a
1209 2266 1642 2359 quibusdam
1676 2265 2072 2356 presbyter,
2130 2265 2223 2336 ab
2255 2265 2418 2335 aliis
2453 2264 2836 2348 confessor,
2885 2289 2930 2337 a
2978 2265 3344 2337 nonnullis

546 2383 941 2475 episcopus,
994 2381 1375 2453 Breviario
1408 2380 1693 2452 Scotico
1726 2381 1926 2471 prior
1958 2382 2398 2473 perhibetur.
2523 2381 3000 2477 Martyrolog.
3039 2383 3346 2453 Roman.

545 2500 659 2571 die
711 2516 921 2571 xvu.
971 2498 1185 2569 Febr.
1241 2506 1287 2539 ‘⁶
1338 2497 1428 2570 In
1481 2497 1721 2568 Scotia
1772 2495 1847 2566 S.
1901 2495 2200 2568 Fintani
2253 2497 2677 2591 presbyteri,
2729 2509 2804 2570 et
2850 2498 3344 2570 confessoris.”

547 2616 809 2688 Petrus
845 2615 1256 2686 Gelasinius
1290 2615 1367 2685 in
1412 2613 1945 2709 Martyrologio
1994 2613 2245 2685 eodem
2295 2615 2459 2685 die:
2513 2623 2557 2655 ‘⁶
2592 2613 2684 2685 In
2717 2614 2956 2687 Scotia
2992 2615 3066 2686 S.
3105 2615 3352 2688 Finta-

547 2733 623 2804 ni
655 2732 1083 2825 presbyteri,
1118 2741 1193 2802 et
1224 2730 1674 2813 confessoris,
1712 2730 2065 2824 singulari
2099 2731 2390 2821 pietate,
2417 2743 2492 2802 et
2517 2751 2784 2825 magna
2813 2731 3082 2803 virtute
3115 2733 3352 2803 clari.'’

546 2849 805 2922 Franc.
843 2848 1311 2938 Maurolycus
1345 2844 1565 2916 abbas
1616 2846 1791 2915 item
1844 2846 1923 2915 in
1970 2845 2502 2942 Martyrologio
2552 2869 2636 2918 eo
2686 2848 2852 2919 die:
2906 2855 2951 2889 “
2984 2847 3076 2919 In
3114 2847 3358 2920 Scotia

548 2966 621 3038 S.
659 2965 959 3037 Fintani
993 2964 1334 3056 episcopi,
1368 2984 1675 3057 magnae
1706 2961 2003 3034 virtutis
2032 2963 2240 3035 viri.'’
2315 2961 2596 3036 Eadem
2623 2963 3026 3050 Usuardus,
3057 2967 3184 3058 qui
3211 2986 3357 3037 non

546 3083 635 3154 ad
669 3103 991 3164 manum,
1026 3089 1100 3151 et
1135 3079 1664 3174 Martyrologia
1703 3077 1915 3150 MSS.
1953 3101 2101 3151 non
2133 3089 2448 3152 exstant.

642 3197 931 3269 Floruit
964 3218 1153 3268 anno
1188 3212 1585 3266 Deccxm.
1622 3197 1737 3266 vel
1772 3211 2351 3268 Dccccnxxm.
2453 3197 2788 3269 Breviar.
2829 3197 3084 3270 Scotic.

1468 3427 1543 3500 S.
1599 3425 2150 3501 FINTENUS.
2257 3434 2429 3502 508.

544 3663 617 3738 S.
653 3664 1123 3746 FINTENUS,
1170 3673 1305 3735 aut
1340 3661 1727 3748 Fintanus,
1778 3665 2048 3758 collega
2093 3665 2719 3761 peregrinationis,
2777 3689 2858 3738 ac
2889 3668 3124 3740 socius
3159 3691 3359 3739 sanc-

544 3783 775 3856 titatis
803 3779 896 3851 D.
923 3780 1336 3853 Columbae.
1426 3778 1499 3849 S.
1528 3779 2005 3852 Adamannus
2030 3778 2286 3852 Scotus
2316 3783 2394 3852 in
2419 3781 2601 3857 Vita
2632 3785 2788 3877 ejus
2823 3782 2946 3856 lib.
2981 3803 3033 3855 1.
3070 3807 3224 3878 cap.
3265 3803 3354 3856 11.

548 3908 593 3942 “
641 3897 715 3968 S.
780 3898 1160 3978 Fintenus,
1219 3898 1345 3989 qui
1406 3905 1657 3988 postea
1710 3918 1841 3987 per
1896 3899 2270 3970 universas
2331 3897 2709 3971 Scotorum
2767 3901 3095 3972 ecclesias
3149 3904 3357 3974 valde

542 4014 905 4086 noscibilis
938 4013 1233 4084 habitus
1268 4022 1401 4096 est,
1438 4037 1483 4084 a
1514 4014 1776 4104 puerili
1824 4022 2057 4085 aetate
2108 4014 2603 4110 integritatem
2651 4018 2886 4088 carnis
2938 4027 3012 4089 et
3052 4017 3356 4102 animae,

542 4131 701 4202 Deo
736 4130 1155 4224 adJuvante,
1204 4130 1638 4211 custodienS,
1692 4129 1953 4200 studiis
2004 4131 2466 4203 dialecticalis
2519 4132 2814 4224 sophiae
2863 4133 3174 4217 deditus,
3223 4133 3360 4205 hoc

544 4246 995 4340 propositum
1032 4245 1109 4316 in
1144 4246 1351 4316 annis
1380 4247 1793 4341 juventutis
1828 4256 2292 4318 conversatus
2339 4249 2414 4318 in
2468 4249 2680 4319 corde
2729 4249 3008 4334 habuit,
3059 4260 3148 4322 ut
3196 4272 3365 4322 nos·-

544 4372 739 4434 trum
768 4361 843 4432 S.
874 4360 1324 4445 Columbam,
1365 4361 1792 4432 Hiberniam
1820 4362 2173 4446 deserens,
2208 4365 2798 4460 peregrinaturus
2840 4367 3072 4438 adiret
3087 4367 3151 4450 ;''
3186 4389 3356 4438 nam

548 4479 929 4560 Fintenus,
962 4487 1177 4573 gente
1210 4477 1494 4562 Scotus,
1529 4486 1615 4548 ut
1648 4480 1939 4548 annales
1990 4481 2222 4552 nostri
2272 4479 2564 4563 habent,
2616 4480 3010 4553 Columbae
3058 4485 3136 4553 in
3186 4483 3356 4554 Sco-

545 4596 725 4668 tiam
780 4595 1098 4666 venienti
1158 4617 1235 4666 se
1284 4595 1561 4689 junxit.
1665 4593 2041 4667 Recolitur
2092 4597 2252 4690 ejus
2314 4599 2658 4669 memoria
2708 4617 2883 4671 xvl.
2946 4598 3348 4670 Februarii.

548 4709 1026 4805 Martyrolog.
1082 4709 1402 4782 Usuardi
1432 4729 1451 4779 ε
1504 4719 1549 4752 “
1584 4709 1675 4782 In
1710 4709 1951 4781 Scotia
1984 4709 2059 4780 S.
2098 4708 2366 4781 Finani
2399 4711 2830 4805 presbyteri,
2883 4720 2956 4783 et
3007 4710 3363 4783 confesso-

540 4826 663 4911 ris,
700 4848 1004 4923 magnae
1038 4827 1333 4898 virtutis
1370 4826 1575 4910 viri,”
1608 4825 1750 4898 nisi
1785 4825 1905 4897 hic
1938 4824 2123 4898 alius
2158 4825 2280 4910 sit,
2316 4833 2402 4898 ut
2435 4849 2658 4922 supra
2691 4837 2802 4898 est
2834 4828 3135 4898 dictum.
