4384 5817
1240 525 1598 598 GENTIS
1644 522 2207 605 soffrenum,
2248 522 2433 591 LIB.
2479 523 2610 592 111.
3190 526 3313 594 19¹?

535 733 842 808 secutus,
899 721 1110 793 venia
1147 741 1194 790 a
1233 739 1402 812 rege
1446 719 1658 790 toties
1702 716 1931 809 petita
1977 737 2348 808 nunquam
2397 735 2749 798 concessa,
2797 711 3133 788 Lutetiae
3182 715 3313 784 ali-

532 840 878 930 quamdiu
908 836 1165 918 haesit,
1205 843 1364 906 tum
1397 855 1488 904 ex
1519 833 1760 904 animo
1792 832 2211 926 religionem
2248 829 2691 903 catholicam
2724 832 3095 922 amplexus
3143 829 3311 900 hae-

531 955 746 1024 resim
779 954 970 1025 bona
1004 951 1144 1023 fide
1184 949 1568 1043 abjuravit,
1609 957 1682 1018 et
1715 948 2361 1042 peregrinationem
2406 946 2809 1021 Romanam
2850 967 3113 1041 magno
3160 945 3313 1016 ani-

530 1091 650 1139 mo
674 1069 1006 1160 suscepit,
1042 1066 1300 1160 majori
1334 1064 1740 1154 complevit.
1817 1061 2120 1154 Scripsit
2142 1066 2505 1157 pleraque,
2528 1071 2617 1134 ut
2634 1070 2789 1134 erat
2814 1061 3314 1133 amoenissimo

533 1185 839 1277 ingenio,
877 1183 1003 1254 sed
1035 1205 1168 1276 ego
1199 1179 1505 1272 paucula
1537 1178 1710 1248 vidi.
1814 1178 1903 1248 In
1936 1179 2072 1262 his,

824 1297 1244 1369 Paraenesis
1277 1297 1370 1366 ad
1405 1292 1781 1365 Ministros
1815 1293 2063 1372 Scotos
2096 1315 2313 1386 super
2344 1316 2475 1365 sua
2506 1293 2989 1366 conversione
3020 1293 3143 1364 lib.
3184 1312 3234 1361 1.

923 1413 1258 1484 Lutetiae
1285 1409 1558 1502 prodiit
1590 1410 1984 1482 vernacule.

821 1527 1083 1621 Capita
1113 1535 1570 1598 controversa
2311 1524 2435 1595 lib.
2475 1543 2526 1595 1.

822 1643 936 1715 De
971 1641 1210 1714 Causa
1242 1641 1544 1712 Comitis
1579 1640 1993 1712 Bothweuii
2316 1641 2440 1712 lib.
2481 1659 2531 1710 1.

626 1761 831 1833 Obiit
863 1760 942 1830 in
973 1757 1546 1852 peregrinatione
1577 1757 1704 1826 illa
1737 1757 2068 1828 Romana
2099 1777 2290 1826 anno
2328 1772 2654 1826 MDcvn.

1526 1953 1600 2025 S.
1655 1950 2061 2026 CEVILO.
2161 1957 2331 2030 357.

529 2107 604 2178 S.
655 2105 1000 2188 emmo,
1048 2103 1437 2177 Verdensis
1495 2105 1867 2196 episcopus
1917 2121 1995 2176 V.
2083 2105 2273 2177 Eam
2324 2116 2483 2179 tum
2532 2105 2772 2176 sedem
2822 2103 3017 2176 Scoti
3068 2106 3319 2176 multis

532 2223 737 2293 annis
771 2221 1133 2293 tenebant.
1199 2217 1482 2291 Albert.
1521 2218 1906 2292 crantzius
1951 2220 2077 2293 lib.
2115 2239 2205 2291 11.
2256 2221 2643 2312 Metropol.
2687 2241 2842 2311 cap.
2880 2237 3088 2291 xxx.
3124 2229 3198 2292 et
3229 2242 3321 2292 ex

530 2361 612 2408 eo
645 2335 1004 2408 Suffridus
1039 2335 1298 2407 Petrus
1331 2334 1456 2407 lib.
1497 2354 1548 2406 1.
1584 2337 1674 2406 de
1707 2336 2009 2432 Origine
2043 2336 2435 2408 Frisonum
2480 2358 2633 2427 cap.
2672 2353 2812 2406 XV.
2916 2335 3319 2408 Medicinae

531 2453 918 2532 studiosus,
953 2450 1241 2541 scripsit

820 2563 1226 2636 Dubiorum
1261 2565 1340 2636 in
1377 2563 1820 2657 Hippocrate
1851 2567 2168 2638 locorum
2206 2565 2815 2658 Explanationem
2904 2566 3030 2637 lib.
3070 2583 3124 2637 1.

825 2679 1238 2750 Lectionem
1274 2679 1656 2752 Sacrorum
2902 2681 3026 2752 lib.
3065 2698 3174 2752 IV.

628 2797 838 2870 Vixit
871 2817 1060 2866 anno
1095 2813 1582 2867 Dcccxxvn.
1631 2795 1776 2867 Hic
1797 2805 1910 2868 est
1931 2819 2026 2868 ex
2057 2798 2201 2868 illis
2226 2797 2455 2870 Scotis
2482 2798 2744 2890 quibus
2774 2806 2819 2839 “
2840 2797 3143 2870 Carolus
3168 2797 3326 2868 Ma·

533 2913 781 3008 gnus,’'
808 2911 1081 2982 domita
1107 2910 1441 2996 Saxonis,
1470 2921 1516 2955 ‘⁸
1537 2913 1930 3006 dignitates
1953 2913 2443 2996 concessisse,”
2469 2915 2718 2985 scribit
2743 2914 3125 3005 Philippus
3159 2912 3325 2984 Bel-

529 3027 836 3099 forestus
857 3027 981 3098 lib.
1008 3045 1058 3096 1.
1097 3025 1294 3098 Hist.
1317 3026 1638 3099 Carolor.
1673 3034 1746 3097 et
1771 3028 1895 3098 alii
1928 3027 2253 3100 historici
2280 3026 2495 3100 Galli.
2546 3027 2761 3101 Alter
2784 3029 2851 3100 ei
2878 3050 3323 3121 synonymus

533 3155 688 3216 tum
727 3143 1036 3215 vivebat.

1324 3338 1767 3412 THOMAS
1815 3339 2281 3414 CRAGIUS.
2387 3347 2553 3412 358.

532 3493 892 3563 THOMAS
924 3491 1230 3586 Cragius
1265 3489 1886 3585 Edimburgensis,
1921 3490 2144 3561 nobili
2179 3490 2557 3582 utriusque
2588 3492 2881 3586 linguae
2914 3492 3321 3585 cognitione

533 3609 879 3693 imbutus,
913 3629 1177 3702 magna
1209 3607 1535 3678 lectionis
1569 3606 1938 3690 varietate,
1963 3603 2242 3699 judicio
2277 3627 2581 3688 summo,
2616 3608 2953 3678 comitate
2986 3606 3325 3688 mirabili,

531 3732 618 3794 ut
667 3745 817 3793 uno
859 3723 1080 3794 verbo
1123 3721 1378 3806 dicam,
1437 3721 1939 3793 eruditissimis
1989 3721 2255 3792 criticis
2303 3730 2453 3792 aut.
2466 3722 3001 3815 jurisconsultis
3048 3722 3124 3792 in
3172 3719 3327 3791 Eu-

531 3861 708 3931 ropa
771 3837 1260 3909 conferendus.
1363 3835 1501 3931 Cuj
1511 3859 1596 3907 us
1655 3837 1900 3907 laudes
1961 3859 2222 3931 augere
2282 3838 2463 3907 mihi
2522 3838 2863 3909 videntur
2920 3836 3111 3909 filius
3179 3837 3327 3908 Lu-

533 3955 850 4036 dovicus‚
917 3953 1230 4044 equestri
1299 3953 1658 4046 dignitate
1725 3952 1804 4022 in
1869 3964 2197 4023 senatum
2273 3951 2629 4024 Scoticum
2698 3956 3014 4038 allectus,
3080 3955 3325 4038 frater,

533 4069 722 4163 regis
755 4067 1070 4163 Magnae
1103 4065 1550 4150 Britanniae,
1584 4091 1828 4161 nepos,
1862 4067 2170 4139 Walliae
2203 4069 2570 4162 principis,
2616 4069 2871 4142 medici
2902 4091 2919 4140 τ
2970 4072 3123 4163 ipse
3157 4093 3329 4142 vero

531 4195 614 4256 ut
649 4186 832 4256 alter
853 4184 1252 4268 Maecenas,
1287 4207 1450 4256 cum
1487 4207 1768 4256 summa
1797 4192 2038 4277 posset
2071 4206 2453 4276 capessere,
2486 4185 2959 4256 mediocribus
2992 4185 3135 4258 fuit
3167 4209 3329 4258 con-

449 4379 470 4402 ·
534 4309 798 4381 tentus,
833 4306 908 4369 et
941 4300 1426 4371 advocationis
1471 4323 1738 4372 munus
1781 4323 1998 4393 quam
2041 4300 2389 4373 sustinuit
2432 4297 2754 4383 feliciter,
2802 4323 3020 4393 quam
3064 4305 3327 4375 meruit

533 4412 904 4496 submisse.
1005 4412 1196 4507 Ejus
1230 4425 1443 4488 sunt:

829 4529 1064 4625 Leges
1101 4529 1554 4624 Muncipales
1589 4531 1868 4603 Scotiae
2495 4532 2619 4603 lib.
2656 4550 2837 4602 v111.

830 4643 943 4715 De
979 4643 1356 4718 Scotorum
1391 4647 1691 4742 Origine
2280 4705 2287 4710 .
2495 4647 2619 4719 lib.
2661 4667 2712 4718 1.

833 4757 1128 4852 Equitis
1162 4759 1390 4858 Angli
1423 4761 1797 4834 Refutatio
2496 4763 2619 4834 lib.
2658 4780 2711 4833 1.
