4384 5817
1319 498 1674 574 GENTIS
1721 492 2281 573 scoTORUM,
2332 493 2511 565 LIB.
2560 496 2615 563 Ι.
3320 499 3365 562 ’7

561 694 980 789 potissimus
1011 690 1431 774 habebatur,
1469 688 1674 781 (Vita
1705 686 2138 779 Maidulphi,
2171 694 2247 759 et
2278 682 2915 779 Scotichronicon,)
2960 694 3033 759 et
3074 686 3156 758 in
3198 686 3355 781 ejus

559 810 874 905 gratiam
938 806 1544 887 Sherbornensem
1617 804 2125 896 episcopatum,
2208 824 2391 895 quae
2472 808 2721 891 postea
2802 798 3355 873 sarisburiensis

559 925 754 996 dicta
781 922 1146 1004 dioecesis,
1179 921 1524 1003 instituit,
1555 927 1940 1011 postquam
1971 919 2179 989 annis
2215 932 2516 988 xxxlv.
2552 915 2771 987 abbas
2804 914 3081 989 fuisset.

657 1038 829 1111 Non
861 1039 1105 1110 induit
1136 1034 1468 1117 habitum
1501 1036 1582 1107 in
1611 1032 1906 1127 Anglia,
1939 1041 2025 1105 ut
2069 1039 2399 1125 apostata
2442 1030 2752 1103 Bulaeus
2798 1032 3185 1116 contendit,
3232 1034 3359 1103 sed

555 1156 632 1228 in
693 1152 1176 1239 Maildubensi
1235 1150 1574 1233 coenobio
1629 1148 2098 1221 Benedictino
2153 1149 2235 1221 in
2290 1146 2551 1231 Sentiat,
2610 1147 2805 1240 quod
2864 1147 3083 1219 etiam
3137 1146 3355 1221 abbas

557 1278 800 1345 mete
865 1266 1422 1351 administravit,
1495 1274 1581 1337 ut
1643 1273 1927 1357 praeter
1991 1272 2349 1337 nostrates
2412 1260 2787 1335 Conradus
2852 1260 3213 1335 Gesnerus
3276 1263 3361 1335 in

560 1382 1012 1457 Bibliotheca
1042 1390 1360 1453 correcta
1387 1380 1728 1474 prodidit.

653 1498 858 1571 Beda
879 1520 1046 1571 eum
1067 1496 1198 1571 lib.
1225 1514 1302 1568 v.
1332 1496 1530 1569 Hist.
1555 1493 2111 1591 Angl.cap.11.
2137 1495 2359 1569 effuse
2382 1494 2653 1569 laudat.
2684 1494 2799 1569 De
2824 1496 3109 1590 scriptis
3134 1497 3354 1569 etiam

555 1613 767 1693 Joan·
801 1614 1170 1686 Mem-sius
1202 1611 1526 1687 Mantisa
1553 1632 1709 1704 cap.
1747 1628 1800 1683 1.
1855 1610 2243 1707 “Elegans
2274 1632 2445 1688 sane
2476 1610 2787 1703 scriptor
2804 1610 3238 1698 Adhelmus,
3284 1622 3359 1684 et

555 1730 818 1825 dignus
867 1730 1164 1801 clariore
1211 1730 1396 1813 luce,
1441 1748 1636 1802 nunc
1683 1727 1893 1820 quasi
1941 1726 2024 1798 in
2069 1726 2451 1799 latibulum
2502 1726 2791 1819 aliquod
2842 1742 3355 1820 compactus‚a

555 1846 804 1939 paucis
827 1845 1096 1941 legitur
1121 1866 1144 1915 z
1179 1846 1416 1937 stylus
1439 1844 1577 1917 etsi
1601 1864 1748 1922 non
1772 1850 2092 1927 ornatae,
2117 1864 2459 1917 amoenus
2482 1850 2731 1919 tamen
2750 1852 2881 1929 est,
2907 1852 2982 1915 et
3004 1844 3199 1935 capit
3220 1846 3361 1917 lec·

555 1971 785 2038 torem
817 1960 1182 2035 eruditum
1215 1960 1310 2034 ob
1339 1960 1646 2045 insertas
1687 1959 2004 2043 melioris
2049 1958 2465 2032 literaturae
2508 1980 2658 2033 non
2702 1980 2963 2052 paucas
3008 1980 3353 2056 gemmas.

555 2075 668 2148 De
699 2098 814 2152 me
845 2076 1176 2169 equidem
1209 2074 1567 2169 profiteor,
1603 2072 2149 2167 supramodum
2181 2074 2609 2153 delectatum
2642 2073 2867 2149 fuisse
2897 2076 3089 2169 stylo
3126 2074 3207 2147 in
3228 2076 3355 2147 illa

557 2200 960 2285 temporum
991 2192 1502 2265 inamoenitate
1532 2200 1686 2263 tam
1715 2198 1950 2285 grato,
1982 2197 2057 2261 et
2089 2198 2243 2261 tam
2276 2190 2541 2263 docto·
2517 2211 2599 2261 m
2628 2188 2774 2264 ista
2802 2189 3195 2265 barbarie-’⁹

657 2306 957 2401 Scripsit
999 2308 1254 2393 multa,
1297 2306 1425 2379 sed
1467 2306 1646 2379 haec
1685 2306 1840 2377 fere
1883 2305 2203 2377 eminent
2248 2326 2415 2387 cum
2458 2305 2695 2379 adhue
2738 2304 2959 2379 abbas
3008 2315 3195 2379 esset
3234 2308 3357 2403 ju-

555 2424 768 2497 bente
797 2424 1072 2517 synodo
1101 2422 1340 2517 gentis
1373 2420 1748 2517 Anglicae,
1781 2421 2066 2516 insigne
2099 2429 2174 2493 et
2209 2422 2391 2494 utile
2422 2443 2631 2514 opus,

849 2537 1226 2611 Adversus
1257 2536 1606 2610 Eri-orem
1638 2534 2028 2608 Britonum
2448 2536 2663 2610 lib.1.

851 2652 968 2726 De
997 2652 1492 2727 celebratione
1525 2651 1844 2725 Paschae
2435 2652 2572 2737 lib.
2610 2670 2665 2723 1.

649 2768 878 2865 Saepe
907 2770 1045 2841 hoc
1075 2790 1288 2861 opere
1317 2767 1735 2850 memoravi,
1787 2775 1862 2839 et
1905 2768 2112 2860 plene
2145 2764 2440 2839 Gabriel
2470 2765 2848 2848 Prateolus
2892 2770 3355 2856 Marcossius,

553 2885 672 2957 vir
702 2886 979 2968 doctus,
1029 2883 1336 2955 Elenehi
1373 2881 1922 2954 Haereticorum
1970 2882 2097 2954 lib.
2144 2900 2265 2954 xl.
2310 2881 2392 2952 in
2440 2903 2611 2954 voce
2640 2880 3187 2971 Montanism,
3229 2888 3355 2959 lib.

553 3019 706 3077 ΧΠ.
751 3002 832 3073 in
875 2995 1308 3083 Novatiani,
1349 2998 1474 3069 lib.
1528 3013 1704 3068 xxv,
1760 2998 1842 3068 in
1889 2992 2389 3082 Paschatitae,
2432 2998 2559 3070 lib.
2597 3014 2736 3069 xv.
2778 3001 2860 3071 in
2898 2996 3358 3087 Quatuoede-

553 3112 842 3200 οἱκαὶ,
874 3115 1001 3190 lib.
1037 3132 1246 3185 xvu.
1279 3114 1360 3184 in
1391 3106 2410 3197 Sabbathini,1ib.xv111.in
2444 3108 3177 3201 Tessaresdecatitae,
3205 3116 3357 3189 Ho-

555 3234 706 3303 sius
765 3231 890 3305 lib.
951 3232 1040 3303 de
1099 3228 1572 3303 Caerimoniis
1629 3249 1785 3320 cap.
1847 3228 2464 3322 101.Nicephor.
2525 3230 2817 3302 lib.1v.
2876 3254 3030 3326 cap.
3093 3250 3355 3305 xxxv.

554 3344 828 3419 Socrat-
876 3346 1002 3418 lib.
1055 3344 2235 3439 111.eap.xxxn.Philast1-ius
2280 3343 2707 3433 Brixiensis,
2763 3346 2839 3419 S.
2891 3346 3064 3423 Leo.
3116 3348 3353 3442 Epist.

557 3479 764 3549 1⁴:111.
799 3460 877 3536 S.
910 3460 1372 3559 Epiphanius
1409 3459 1708 3533 Haeres.
1746 3476 1892 3533 xx.
1904 3468 2000 3542 et
2039 3460 2340 3535 Haeres.
2378 3478 2488 3533 LI.
2524 3470 2599 3535 et
2630 3462 2778 3535 alii.
3098 3504 3105 3511 ·
3372 3504 3377 3511 ι

851 3577 964 3650 De
995 3575 1440 3675 Virginitate
1471 3574 1600 3647 SS.
2446 3575 2572 3651 lib.
2609 3599 2663 3652 1.
2699 3600 2936 3653 versu.

853 3694 968 3767 De
999 3694 1246 3765 eadem
1281 3690 1396 3763 Re
2450 3694 2577 3766 lib.
2615 3712 2671 3766 1.
2702 3717 2937 3790 prosa.

847 3808 1222 3902 Epistulae
1252 3807 1346 3879 ad
1378 3806 1702 3907 diuersos
2448 3808 2575 3881 lib.
2612 3828 2667 3882 1.

854 3924 968 3995 De
1001 3924 1180 3997 Vita
1212 3920 1736 3994 Monachorum
2444 3923 2571 3997 lib.
2611 3944 2666 3997 1.

845 4040 962 4112 De
993 4038 1246 4111 Laude
1279 4034 1408 4137 88.
2444 4040 2571 4113 lib.
2612 4059 2666 4112 1.

852 4155 967 4228 De
999 4151 1404 4247 Septenarii
1435 4151 1816 4248 nignitate
2442 4156 2569 4249 lib.
2606 4174 2661 4228 1.

854 4268 968 4342 De
1001 4280 1160 4343 octo
1192 4267 1418 4342 Vitiis
1451 4268 1966 4361 principalibus
2445 4270 2571 4343 lib.
2608 4291 2669 4345 1.

852 4383 966 4457 De
995 4384 1482 4457 Arithmetica
2440 4386 2569 4459 lib.
2605 4407 2662 4460 1.

855 4499 968 4573 De
1001 4481 1426 4595 Astrologia
2445 4502 2573 4576 lib.
2613 4521 2667 4574 1.

856 4618 971 4691 De
1008 4616 1610 4723 Philosophorum
1645 4616 2124 4711 Disciplinis
2446 4618 2572 4692 lib.
2609 4638 2665 4691 1.

861 4734 1110 4811 Flores
1137 4736 1520 4863 utriusque
1553 4732 2000 4807 Testamenti
2446 4735 2573 4831 lib.
2612 4753 2698 4808 11.
