<?xml version="1.0" encoding="UTF-8"?>
<!DOCTYPE html PUBLIC "-//W3C//DTD XHTML 1.0 Transitional//EN"
    "http://www.w3.org/TR/xhtml1/DTD/xhtml1-transitional.dtd">
<html xmlns="http://www.w3.org/1999/xhtml" xml:lang="en" lang="en">
 <head>
  <title>
</title>
<meta http-equiv="Content-Type" content="text/html;charset=utf-8" />
  <meta name='ocr-system' content='tesseract 3.04.00' />
  <meta name='ocr-capabilities' content='ocr_page ocr_carea ocr_par ocr_line ocrx_word'/>
</head>
<body>
  <div class='ocr_page' id='page_1' title='image "./thomaedempsteri00unkngoog_0361.png"; bbox 0 0 4384 5817; ppageno 0'>
   <div class='ocr_carea' id='block_1_1' title="bbox 19 3101 23 4160">
    <p class='ocr_par' dir='ltr' id='par_1_1' title="bbox 19 3101 23 4160">
     <span class='ocr_line' id='line_1_1' title="bbox 19 3101 23 4160; baseline 0 0"><span class='ocrx_word' id='word_1_1' title='bbox 19 3101 23 4160; x_wconf 95' lang='lat' dir='ltr'><strong> </strong></span> 
     </span>
    </p>
   </div>
   <div class='ocr_carea' id='block_1_2' title="bbox 1026 585 3062 658">
    <p class='ocr_par' dir='ltr' id='par_1_2' title="bbox 1026 585 3062 658">
     <span class='ocr_line' id='line_1_2' title="bbox 1026 585 3062 658; baseline 0 -3"><span class='ocrx_word' id='word_1_2' title='bbox 1026 588 1155 655; x_wconf 78' lang='lat'><strong>294</strong></span> <span class='ocrx_word' id='word_1_3' title='bbox 1790 585 2260 656; x_wconf 79' lang='lat' dir='ltr'><strong>HISTORIA</strong></span> <span class='ocrx_word' id='word_1_4' title='bbox 2306 587 3062 658; x_wconf 80' lang='lat' dir='ltr'><strong>ECCLESIASTICA</strong></span> 
     </span>
    </p>
   </div>
   <div class='ocr_carea' id='block_1_3' title="bbox 2020 893 2840 970">
    <p class='ocr_par' dir='ltr' id='par_1_3' title="bbox 2020 893 2840 970">
     <span class='ocr_line' id='line_1_3' title="bbox 2020 893 2840 970; baseline 0 -2"><span class='ocrx_word' id='word_1_5' title='bbox 2020 895 2488 970; x_wconf 90' lang='lat' dir='ltr'><strong>FOILANU</strong></span> <span class='ocrx_word' id='word_1_6' title='bbox 2490 897 2564 969; x_wconf 87' lang='lat' dir='ltr'><strong>S.</strong></span> <span class='ocrx_word' id='word_1_7' title='bbox 2669 893 2840 970; x_wconf 81' lang='lat'><strong>536.</strong></span> 
     </span>
    </p>
   </div>
   <div class='ocr_carea' id='block_1_4' title="bbox 1030 1128 3834 1576">
    <p class='ocr_par' dir='ltr' id='par_1_4' title="bbox 1030 1128 3834 1576">
     <span class='ocr_line' id='line_1_4' title="bbox 1030 1128 3834 1227; baseline 0.001 -27"><span class='ocrx_word' id='word_1_8' title='bbox 1030 1130 1358 1202; x_wconf 75' lang='lat' dir='ltr'>F01LAN</span> <span class='ocrx_word' id='word_1_9' title='bbox 1366 1149 1483 1216; x_wconf 73' lang='grc' dir='ltr'><strong>σε,</strong></span> <span class='ocrx_word' id='word_1_10' title='bbox 1518 1131 1897 1204; x_wconf 85' lang='lat' dir='ltr'><strong>Scotorum</strong></span> <span class='ocrx_word' id='word_1_11' title='bbox 1930 1131 2272 1204; x_wconf 84' lang='lat' dir='ltr'><strong>Coloniae</strong></span> <span class='ocrx_word' id='word_1_12' title='bbox 2302 1131 2852 1227; x_wconf 85' lang='lat' dir='ltr'><strong>peregrinorum</strong></span> <span class='ocrx_word' id='word_1_13' title='bbox 2887 1129 3130 1213; x_wconf 87' lang='lat' dir='ltr'><strong>abbas,</strong></span> <span class='ocrx_word' id='word_1_14' title='bbox 3177 1130 3296 1202; x_wconf 81' lang='lat' dir='ltr'><strong>vir</strong></span> <span class='ocrx_word' id='word_1_15' title='bbox 3341 1128 3531 1222; x_wconf 81' lang='lat' dir='ltr'><strong>pius,</strong></span> <span class='ocrx_word' id='word_1_16' title='bbox 3581 1140 3656 1202; x_wconf 93' lang='lat' dir='ltr'><strong>et</strong></span> <span class='ocrx_word' id='word_1_17' title='bbox 3705 1153 3834 1204; x_wconf 90' lang='lat' dir='ltr'><strong>no-</strong></span> 
     </span>
     <span class='ocr_line' id='line_1_5' title="bbox 1031 1244 3827 1346; baseline 0 -28"><span class='ocrx_word' id='word_1_18' title='bbox 1031 1247 1157 1318; x_wconf 90' lang='lat' dir='ltr'><strong>bili</strong></span> <span class='ocrx_word' id='word_1_19' title='bbox 1218 1249 1619 1322; x_wconf 85' lang='lat' dir='ltr'><strong>eruditione</strong></span> <span class='ocrx_word' id='word_1_20' title='bbox 1677 1249 2005 1346; x_wconf 85' lang='lat' dir='ltr'><strong>insignis,</strong></span> <span class='ocrx_word' id='word_1_21' title='bbox 2065 1248 2404 1320; x_wconf 88' lang='lat' dir='ltr'><strong>laudatus</strong></span> <span class='ocrx_word' id='word_1_22' title='bbox 2461 1270 2508 1318; x_wconf 90' lang='lat' dir='ltr'><strong>a</strong></span> <span class='ocrx_word' id='word_1_23' title='bbox 2565 1245 2930 1342; x_wconf 82' lang='lat' dir='ltr'><strong>Langaeo,</strong></span> <span class='ocrx_word' id='word_1_24' title='bbox 2981 1244 3411 1318; x_wconf 86' lang='lat' dir='ltr'><strong>Sorbonicae</strong></span> <span class='ocrx_word' id='word_1_25' title='bbox 3459 1245 3827 1320; x_wconf 80' lang='lat' dir='ltr'><strong>facultatis</strong></span> 
     </span>
     <span class='ocr_line' id='line_1_6' title="bbox 1032 1361 3831 1462; baseline 0 -28"><span class='ocrx_word' id='word_1_26' title='bbox 1032 1365 1324 1451; x_wconf 90' lang='lat' dir='ltr'><strong>decano,</strong></span> <span class='ocrx_word' id='word_1_27' title='bbox 1389 1375 1464 1437; x_wconf 90' lang='lat' dir='ltr'><strong>et</strong></span> <span class='ocrx_word' id='word_1_28' title='bbox 1518 1367 1597 1436; x_wconf 91' lang='lat' dir='ltr'><strong>in</strong></span> <span class='ocrx_word' id='word_1_29' title='bbox 1648 1364 1987 1462; x_wconf 84' lang='lat' dir='ltr'><strong>Angusia</strong></span> <span class='ocrx_word' id='word_1_30' title='bbox 2032 1373 2250 1437; x_wconf 87' lang='lat' dir='ltr'><strong>natus</strong></span> <span class='ocrx_word' id='word_1_31' title='bbox 2301 1372 2414 1436; x_wconf 84' lang='lat' dir='ltr'><strong>est</strong></span> <span class='ocrx_word' id='word_1_32' title='bbox 2461 1387 2552 1436; x_wconf 83' lang='lat' dir='ltr'><strong>ex</strong></span> <span class='ocrx_word' id='word_1_33' title='bbox 2599 1362 2876 1434; x_wconf 86' lang='lat' dir='ltr'><strong>familia</strong></span> <span class='ocrx_word' id='word_1_34' title='bbox 2927 1361 3193 1448; x_wconf 87' lang='lat' dir='ltr'><strong>Ketha,</strong></span> <span class='ocrx_word' id='word_1_35' title='bbox 3256 1371 3344 1434; x_wconf 93' lang='lat' dir='ltr'><strong>ut</strong></span> <span class='ocrx_word' id='word_1_36' title='bbox 3397 1361 3831 1435; x_wconf 84' lang='lat' dir='ltr'><strong>Godefridus</strong></span> 
     </span>
     <span class='ocr_line' id='line_1_7' title="bbox 1030 1476 3694 1576; baseline -0.001 -24"><span class='ocrx_word' id='word_1_37' title='bbox 1030 1481 1259 1553; x_wconf 84' lang='lat' dir='ltr'><strong>Tiuot</strong></span> <span class='ocrx_word' id='word_1_38' title='bbox 1292 1483 1372 1553; x_wconf 90' lang='lat' dir='ltr'><strong>in</strong></span> <span class='ocrx_word' id='word_1_39' title='bbox 1404 1483 1707 1576; x_wconf 85' lang='lat' dir='ltr'><strong>epistola</strong></span> <span class='ocrx_word' id='word_1_40' title='bbox 1742 1483 1835 1553; x_wconf 93' lang='lat' dir='ltr'><strong>ad</strong></span> <span class='ocrx_word' id='word_1_41' title='bbox 1868 1480 2363 1575; x_wconf 76' lang='lat' dir='ltr'><strong>Apocalypsin</strong></span> <span class='ocrx_word' id='word_1_42' title='bbox 2395 1481 2552 1576; x_wconf 87' lang='lat' dir='ltr'><strong>ejus</strong></span> <span class='ocrx_word' id='word_1_43' title='bbox 2587 1479 2818 1552; x_wconf 84' lang='lat' dir='ltr'><strong>testis.</strong></span> <span class='ocrx_word' id='word_1_44' title='bbox 2919 1476 3226 1570; x_wconf 77' lang='lat' dir='ltr'><strong>Scripsit</strong></span> <span class='ocrx_word' id='word_1_45' title='bbox 3677 1507 3694 1526; x_wconf 93' lang='lat'><strong>·</strong></span> 
     </span>
    </p>
   </div>
   <div class='ocr_carea' id='block_1_5' title="bbox 1324 1597 3833 1924">
    <p class='ocr_par' dir='ltr' id='par_1_5' title="bbox 1324 1597 3833 1924">
     <span class='ocr_line' id='line_1_8' title="bbox 1328 1597 3732 1694; baseline -0.001 -24"><span class='ocrx_word' id='word_1_46' title='bbox 1328 1598 1419 1671; x_wconf 91' lang='lat' dir='ltr'><strong>In</strong></span> <span class='ocrx_word' id='word_1_47' title='bbox 1453 1597 1949 1694; x_wconf 82' lang='lat' dir='ltr'><strong>Apocalypsin</strong></span> <span class='ocrx_word' id='word_1_48' title='bbox 3512 1597 3638 1669; x_wconf 91' lang='lat' dir='ltr'><strong>lib.</strong></span> <span class='ocrx_word' id='word_1_49' title='bbox 3677 1615 3732 1667; x_wconf 94' lang='lat'><strong>1.</strong></span> 
     </span>
     <span class='ocr_line' id='line_1_9' title="bbox 1324 1713 3833 1810; baseline -0 -24"><span class='ocrx_word' id='word_1_50' title='bbox 1324 1713 1806 1788; x_wconf 86' lang='lat' dir='ltr'><strong>Fundationis</strong></span> <span class='ocrx_word' id='word_1_51' title='bbox 1840 1715 2147 1798; x_wconf 74' lang='lat' dir='ltr'><strong>chartae,</strong></span> <span class='ocrx_word' id='word_1_52' title='bbox 2182 1723 2256 1786; x_wconf 89' lang='lat' dir='ltr'><strong>et</strong></span> <span class='ocrx_word' id='word_1_53' title='bbox 2287 1713 2671 1810; x_wconf 82' lang='lat' dir='ltr'><strong>privilegia</strong></span> <span class='ocrx_word' id='word_1_54' title='bbox 2705 1713 3122 1796; x_wconf 80' lang='lat' dir='ltr'><strong>monasterii</strong></span> <span class='ocrx_word' id='word_1_55' title='bbox 3145 1714 3261 1786; x_wconf 87' lang='lat' dir='ltr'><strong>sui</strong></span> <span class='ocrx_word' id='word_1_56' title='bbox 3287 1713 3598 1809; x_wconf 86' lang='lat' dir='ltr'><strong>collegit,</strong></span> <span class='ocrx_word' id='word_1_57' title='bbox 3633 1722 3708 1785; x_wconf 88' lang='lat' dir='ltr'><strong>et</strong></span> <span class='ocrx_word' id='word_1_58' title='bbox 3741 1714 3833 1786; x_wconf 90' lang='lat' dir='ltr'><strong>ab</strong></span> 
     </span>
     <span class='ocr_line' id='line_1_10' title="bbox 1417 1829 3730 1924; baseline -0.001 -20"><span class='ocrx_word' id='word_1_59' title='bbox 1417 1831 1837 1905; x_wconf 85' lang='lat' dir='ltr'><strong>Alexandro</strong></span> <span class='ocrx_word' id='word_1_60' title='bbox 1869 1854 2057 1924; x_wconf 90' lang='lat' dir='ltr'><strong>papa</strong></span> <span class='ocrx_word' id='word_1_61' title='bbox 2090 1831 2496 1904; x_wconf 85' lang='lat' dir='ltr'><strong>confirmari</strong></span> <span class='ocrx_word' id='word_1_62' title='bbox 2531 1829 2724 1915; x_wconf 86' lang='lat' dir='ltr'><strong>fecit,</strong></span> <span class='ocrx_word' id='word_1_63' title='bbox 3510 1831 3639 1903; x_wconf 91' lang='lat' dir='ltr'><strong>lib.</strong></span> <span class='ocrx_word' id='word_1_64' title='bbox 3677 1848 3730 1903; x_wconf 87' lang='lat'><strong>1.</strong></span> 
     </span>
    </p>
   </div>
   <div class='ocr_carea' id='block_1_6' title="bbox 1024 1945 3832 2390">
    <p class='ocr_par' dir='ltr' id='par_1_6' title="bbox 1024 1945 3832 2390">
     <span class='ocr_line' id='line_1_11' title="bbox 1326 1945 3732 2044; baseline -0.001 -26"><span class='ocrx_word' id='word_1_65' title='bbox 1326 1945 1695 2041; x_wconf 85' lang='lat' dir='ltr'><strong>Epistolas</strong></span> <span class='ocrx_word' id='word_1_66' title='bbox 1729 1949 1823 2020; x_wconf 91' lang='lat' dir='ltr'><strong>ad</strong></span> <span class='ocrx_word' id='word_1_67' title='bbox 1856 1947 2105 2021; x_wconf 90' lang='lat' dir='ltr'><strong>Scotos</strong></span> <span class='ocrx_word' id='word_1_68' title='bbox 2136 1948 2554 2044; x_wconf 85' lang='lat' dir='ltr'><strong>peregrinos</strong></span> <span class='ocrx_word' id='word_1_69' title='bbox 2588 1948 2668 2019; x_wconf 91' lang='lat' dir='ltr'><strong>in</strong></span> <span class='ocrx_word' id='word_1_70' title='bbox 2701 1945 3110 2020; x_wconf 83' lang='lat' dir='ltr'><strong>Germaniis</strong></span> <span class='ocrx_word' id='word_1_71' title='bbox 3141 1955 3438 2044; x_wconf 78' lang='lat' dir='ltr'><strong>agentes</strong></span> <span class='ocrx_word' id='word_1_72' title='bbox 3511 1947 3638 2020; x_wconf 89' lang='lat' dir='ltr'><strong>lib.</strong></span> <span class='ocrx_word' id='word_1_73' title='bbox 3677 1965 3732 2018; x_wconf 88' lang='lat'><strong>1.</strong></span> 
     </span>
     <span class='ocr_line' id='line_1_12' title="bbox 1424 2063 2936 2149; baseline -0.001 -11"><span class='ocrx_word' id='word_1_74' title='bbox 1424 2063 1827 2138; x_wconf 79' lang='lat' dir='ltr'><strong>Servantur</strong></span> <span class='ocrx_word' id='word_1_75' title='bbox 1858 2064 2224 2149; x_wconf 81' lang='lat' dir='ltr'><strong>Coloniae,</strong></span> <span class='ocrx_word' id='word_1_76' title='bbox 2259 2073 2345 2136; x_wconf 90' lang='lat' dir='ltr'><strong>ut</strong></span> <span class='ocrx_word' id='word_1_77' title='bbox 2375 2063 2566 2136; x_wconf 90' lang='lat' dir='ltr'><strong>idem</strong></span> <span class='ocrx_word' id='word_1_78' title='bbox 2605 2063 2936 2136; x_wconf 89' lang='lat' dir='ltr'><strong>affirmat.</strong></span> 
     </span>
     <span class='ocr_line' id='line_1_13' title="bbox 1122 2177 3832 2277; baseline 0 -25"><span class='ocrx_word' id='word_1_79' title='bbox 1122 2179 1421 2253; x_wconf 86' lang='lat' dir='ltr'><strong>Electus</strong></span> <span class='ocrx_word' id='word_1_80' title='bbox 1454 2189 1565 2253; x_wconf 90' lang='lat' dir='ltr'><strong>est</strong></span> <span class='ocrx_word' id='word_1_81' title='bbox 1598 2202 1789 2253; x_wconf 90' lang='lat' dir='ltr'><strong>anno</strong></span> <span class='ocrx_word' id='word_1_82' title='bbox 1825 2197 2073 2251; x_wconf 75' lang='lat' dir='ltr'><strong>MLXI.</strong></span> <span class='ocrx_word' id='word_1_83' title='bbox 2112 2177 2434 2252; x_wconf 81' lang='lat' dir='ltr'><strong>Floreat.</strong></span> <span class='ocrx_word' id='word_1_84' title='bbox 2460 2179 2922 2277; x_wconf 84' lang='lat' dir='ltr'><strong>Wigornien.</strong></span> <span class='ocrx_word' id='word_1_85' title='bbox 2947 2201 3036 2254; x_wconf 88' lang='lat' dir='ltr'><strong>eo</strong></span> <span class='ocrx_word' id='word_1_86' title='bbox 3054 2201 3292 2254; x_wconf 71' lang='lat' dir='ltr'><strong>annot</strong></span> <span class='ocrx_word' id='word_1_87' title='bbox 3325 2182 3616 2275; x_wconf 86' lang='lat' dir='ltr'><strong>quando</strong></span> <span class='ocrx_word' id='word_1_88' title='bbox 3641 2179 3832 2254; x_wconf 90' lang='lat' dir='ltr'><strong>obie-</strong></span> 
     </span>
     <span class='ocr_line' id='line_1_14' title="bbox 1024 2295 2974 2390; baseline -0.001 -21"><span class='ocrx_word' id='word_1_89' title='bbox 1024 2297 1145 2382; x_wconf 89' lang='lat' dir='ltr'><strong>rit,</strong></span> <span class='ocrx_word' id='word_1_90' title='bbox 1184 2306 1313 2369; x_wconf 90' lang='lat' dir='ltr'><strong>aut</strong></span> <span class='ocrx_word' id='word_1_91' title='bbox 1345 2297 1693 2390; x_wconf 79' lang='lat' dir='ltr'><strong>quamdiu</strong></span> <span class='ocrx_word' id='word_1_92' title='bbox 1724 2295 2141 2390; x_wconf 89' lang='lat' dir='ltr'><strong>praefuerit,</strong></span> <span class='ocrx_word' id='word_1_93' title='bbox 2176 2295 2373 2368; x_wconf 88' lang='lat' dir='ltr'><strong>haud</strong></span> <span class='ocrx_word' id='word_1_94' title='bbox 2407 2305 2604 2369; x_wconf 89' lang='lat' dir='ltr'><strong>certo</strong></span> <span class='ocrx_word' id='word_1_95' title='bbox 2643 2297 2974 2369; x_wconf 87' lang='lat' dir='ltr'><strong>dixerim.</strong></span> 
     </span>
    </p>
   </div>
   <div class='ocr_carea' id='block_1_7' title="bbox 1638 2525 3219 2608">
    <p class='ocr_par' dir='ltr' id='par_1_7' title="bbox 1638 2525 3219 2608">
     <span class='ocr_line' id='line_1_15' title="bbox 1638 2525 3219 2608; baseline -0.003 -5"><span class='ocrx_word' id='word_1_96' title='bbox 1638 2525 2292 2603; x_wconf 88' lang='lat' dir='ltr'><strong>WILHELMUS</strong></span> <span class='ocrx_word' id='word_1_97' title='bbox 2343 2527 2870 2602; x_wconf 86' lang='lat' dir='ltr'><strong>FRASERIU</strong></span> <span class='ocrx_word' id='word_1_98' title='bbox 2870 2527 2944 2602; x_wconf 90' lang='lat' dir='ltr'><strong>S.</strong></span> <span class='ocrx_word' id='word_1_99' title='bbox 3051 2533 3219 2608; x_wconf 77' lang='lat'><strong>537.</strong></span> 
     </span>
    </p>
   </div>
   <div class='ocr_carea' id='block_1_8' title="bbox 1018 2761 3828 3790">
    <p class='ocr_par' dir='ltr' id='par_1_8' title="bbox 1018 2761 3828 3790">
     <span class='ocr_line' id='line_1_16' title="bbox 1020 2761 3826 2860; baseline 0 -26"><span class='ocrx_word' id='word_1_100' title='bbox 1020 2763 1565 2834; x_wconf 77' lang='lat' dir='ltr'><strong>WILHELMUS</strong></span> <span class='ocrx_word' id='word_1_101' title='bbox 1598 2761 1999 2848; x_wconf 89' lang='lat' dir='ltr'><strong>Fraserius,</strong></span> <span class='ocrx_word' id='word_1_102' title='bbox 2033 2763 2109 2835; x_wconf 91' lang='lat' dir='ltr'><strong>S.</strong></span> <span class='ocrx_word' id='word_1_103' title='bbox 2144 2764 2482 2837; x_wconf 83' lang='lat' dir='ltr'><strong>Andreae</strong></span> <span class='ocrx_word' id='word_1_104' title='bbox 2516 2765 2915 2856; x_wconf 85' lang='lat' dir='ltr'><strong>episcopus,</strong></span> <span class='ocrx_word' id='word_1_105' title='bbox 2961 2765 3167 2860; x_wconf 86' lang='lat' dir='ltr'><strong>regni</strong></span> <span class='ocrx_word' id='word_1_106' title='bbox 3217 2765 3702 2846; x_wconf 86' lang='lat' dir='ltr'><strong>cancellarius,</strong></span> <span class='ocrx_word' id='word_1_107' title='bbox 3737 2771 3826 2834; x_wconf 89' lang='lat' dir='ltr'><strong>·et</strong></span> 
     </span>
     <span class='ocr_line' id='line_1_17' title="bbox 1022 2879 3828 2974; baseline -0.001 -21"><span class='ocrx_word' id='word_1_108' title='bbox 1022 2903 1213 2954; x_wconf 80' lang='lat' dir='ltr'><strong>unus</strong></span> <span class='ocrx_word' id='word_1_109' title='bbox 1249 2903 1289 2950; x_wconf 91' lang='lat' dir='ltr'><strong>e</strong></span> <span class='ocrx_word' id='word_1_110' title='bbox 1320 2879 1555 2952; x_wconf 85' lang='lat' dir='ltr'><strong>tribus</strong></span> <span class='ocrx_word' id='word_1_111' title='bbox 1588 2881 2262 2973; x_wconf 82' lang='lat' dir='ltr'><strong>septentrionalium</strong></span> <span class='ocrx_word' id='word_1_112' title='bbox 2309 2883 2626 2974; x_wconf 88' lang='lat' dir='ltr'><strong>partium</strong></span> <span class='ocrx_word' id='word_1_113' title='bbox 2675 2879 3401 2964; x_wconf 81' lang='lat' dir='ltr'><strong>administratoribus,</strong></span> <span class='ocrx_word' id='word_1_114' title='bbox 3451 2901 3616 2952; x_wconf 84' lang='lat' dir='ltr'><strong>cmn</strong></span> <span class='ocrx_word' id='word_1_115' title='bbox 3663 2889 3828 2972; x_wconf 89' lang='lat' dir='ltr'><strong>post</strong></span> 
     </span>
     <span class='ocr_line' id='line_1_18' title="bbox 1020 2995 3826 3095; baseline -0.001 -25"><span class='ocrx_word' id='word_1_116' title='bbox 1020 2999 1295 3071; x_wconf 79' lang='lat' dir='ltr'><strong>exitum</strong></span> <span class='ocrx_word' id='word_1_117' title='bbox 1322 2996 1723 3069; x_wconf 83' lang='lat' dir='ltr'><strong>Alexandri</strong></span> <span class='ocrx_word' id='word_1_118' title='bbox 1753 2995 1895 3070; x_wconf 93' lang='lat' dir='ltr'><strong>III.</strong></span> <span class='ocrx_word' id='word_1_119' title='bbox 1933 3006 2089 3072; x_wconf 89' lang='lat' dir='ltr'><strong>tota</strong></span> <span class='ocrx_word' id='word_1_120' title='bbox 2121 2999 2472 3070; x_wconf 87' lang='lat' dir='ltr'><strong>successio</strong></span> <span class='ocrx_word' id='word_1_121' title='bbox 2503 2997 2581 3067; x_wconf 92' lang='lat' dir='ltr'><strong>in</strong></span> <span class='ocrx_word' id='word_1_122' title='bbox 2615 2997 2830 3068; x_wconf 89' lang='lat' dir='ltr'><strong>unica</strong></span> <span class='ocrx_word' id='word_1_123' title='bbox 2853 2995 3094 3082; x_wconf 90' lang='lat' dir='ltr'><strong>filiola,</strong></span> <span class='ocrx_word' id='word_1_124' title='bbox 3120 2997 3274 3095; x_wconf 80' lang='lat' dir='ltr'><strong>regi</strong></span> <span class='ocrx_word' id='word_1_125' title='bbox 3301 2995 3714 3092; x_wconf 81' lang='lat' dir='ltr'><strong>Norvegiae</strong></span> <span class='ocrx_word' id='word_1_126' title='bbox 3737 3020 3826 3068; x_wconf 88' lang='lat' dir='ltr'><strong>ex</strong></span> 
     </span>
     <span class='ocr_line' id='line_1_19' title="bbox 1018 3111 3824 3212; baseline -0.001 -23"><span class='ocrx_word' id='word_1_127' title='bbox 1018 3114 1439 3212; x_wconf 83' lang='lat' dir='ltr'><strong>Margareta</strong></span> <span class='ocrx_word' id='word_1_128' title='bbox 1486 3111 1635 3184; x_wconf 88' lang='lat' dir='ltr'><strong>filia</strong></span> <span class='ocrx_word' id='word_1_129' title='bbox 1682 3113 2081 3186; x_wconf 87' lang='lat' dir='ltr'><strong>Alexandri</strong></span> <span class='ocrx_word' id='word_1_130' title='bbox 2132 3124 2484 3206; x_wconf 86' lang='lat' dir='ltr'><strong>suscepta,</strong></span> <span class='ocrx_word' id='word_1_131' title='bbox 2539 3121 2903 3197; x_wconf 70' lang='lat' dir='ltr'><strong>metasset,</strong></span> <span class='ocrx_word' id='word_1_132' title='bbox 2958 3137 3184 3206; x_wconf 90' lang='lat' dir='ltr'><strong>eaque</strong></span> <span class='ocrx_word' id='word_1_133' title='bbox 3241 3115 3460 3187; x_wconf 90' lang='lat' dir='ltr'><strong>etiam</strong></span> <span class='ocrx_word' id='word_1_134' title='bbox 3508 3114 3824 3197; x_wconf 88' lang='lat' dir='ltr'><strong>obiisset,</strong></span> 
     </span>
     <span class='ocr_line' id='line_1_20' title="bbox 1018 3229 3823 3328; baseline -0.001 -24"><span class='ocrx_word' id='word_1_135' title='bbox 1018 3255 1100 3304; x_wconf 86' lang='lat' dir='ltr'><strong>ac</strong></span> <span class='ocrx_word' id='word_1_136' title='bbox 1156 3233 1261 3304; x_wconf 86' lang='lat' dir='ltr'><strong>sic</strong></span> <span class='ocrx_word' id='word_1_137' title='bbox 1308 3230 1489 3303; x_wconf 91' lang='lat' dir='ltr'><strong>nulli</strong></span> <span class='ocrx_word' id='word_1_138' title='bbox 1542 3229 1917 3302; x_wconf 89' lang='lat' dir='ltr'><strong>Scotorum</strong></span> <span class='ocrx_word' id='word_1_139' title='bbox 1977 3239 2256 3302; x_wconf 88' lang='lat' dir='ltr'><strong>certum</strong></span> <span class='ocrx_word' id='word_1_140' title='bbox 2307 3239 2494 3302; x_wconf 86' lang='lat' dir='ltr'><strong>esset</strong></span> <span class='ocrx_word' id='word_1_141' title='bbox 2549 3229 2714 3323; x_wconf 87' lang='lat' dir='ltr'><strong>quis</strong></span> <span class='ocrx_word' id='word_1_142' title='bbox 2771 3229 3061 3303; x_wconf 90' lang='lat' dir='ltr'><strong>deberet</strong></span> <span class='ocrx_word' id='word_1_143' title='bbox 3117 3231 3368 3302; x_wconf 86' lang='lat' dir='ltr'><strong>haeres</strong></span> <span class='ocrx_word' id='word_1_144' title='bbox 3396 3307 3406 3313; x_wconf 67' lang='grc'><strong>,</strong></span> <span class='ocrx_word' id='word_1_145' title='bbox 3439 3230 3823 3328; x_wconf 85' lang='lat' dir='ltr'><strong>designari.</strong></span> 
     </span>
     <span class='ocr_line' id='line_1_21' title="bbox 1018 3347 1323 3441; baseline 0.003 -23"><span class='ocrx_word' id='word_1_146' title='bbox 1018 3347 1323 3441; x_wconf 88' lang='lat' dir='ltr'><strong>Scripsit</strong></span> 
     </span>
     <span class='ocr_line' id='line_1_22' title="bbox 1314 3462 3322 3562; baseline -0.001 -26"><span class='ocrx_word' id='word_1_147' title='bbox 1314 3463 1429 3536; x_wconf 92' lang='lat' dir='ltr'><strong>De</strong></span> <span class='ocrx_word' id='word_1_148' title='bbox 1460 3462 1511 3534; x_wconf 87' lang='lat' dir='ltr'><strong>J</strong></span> <span class='ocrx_word' id='word_1_149' title='bbox 1510 3485 1641 3535; x_wconf 91' lang='lat' dir='ltr'><strong>ure</strong></span> <span class='ocrx_word' id='word_1_150' title='bbox 1676 3463 2159 3538; x_wconf 87' lang='lat' dir='ltr'><strong>Successionis</strong></span> <span class='ocrx_word' id='word_1_151' title='bbox 2196 3465 2436 3562; x_wconf 79' lang='lat' dir='ltr'><strong>Regni</strong></span> <span class='ocrx_word' id='word_1_152' title='bbox 2472 3463 2752 3538; x_wconf 89' lang='lat' dir='ltr'><strong>Scotiae</strong></span> <span class='ocrx_word' id='word_1_153' title='bbox 3105 3464 3230 3536; x_wconf 88' lang='lat' dir='ltr'><strong>lib.</strong></span> <span class='ocrx_word' id='word_1_154' title='bbox 3269 3481 3322 3534; x_wconf 91' lang='lat'><strong>1.</strong></span> 
     </span>
     <span class='ocr_line' id='line_1_23' title="bbox 1320 3579 3322 3678; baseline 0 -26"><span class='ocrx_word' id='word_1_155' title='bbox 1320 3579 1889 3653; x_wconf 77' lang='lat' dir='ltr'><strong>concordantias</strong></span> <span class='ocrx_word' id='word_1_156' title='bbox 1922 3581 2003 3652; x_wconf 90' lang='lat' dir='ltr'><strong>in</strong></span> <span class='ocrx_word' id='word_1_157' title='bbox 2034 3580 2442 3678; x_wconf 87' lang='lat' dir='ltr'><strong>Evangelia</strong></span> <span class='ocrx_word' id='word_1_158' title='bbox 3105 3580 3230 3653; x_wconf 90' lang='lat' dir='ltr'><strong>lib.</strong></span> <span class='ocrx_word' id='word_1_159' title='bbox 3269 3597 3322 3652; x_wconf 95' lang='lat'><strong>1.</strong></span> 
     </span>
     <span class='ocr_line' id='line_1_24' title="bbox 1118 3697 3819 3790; baseline -0 -20"><span class='ocrx_word' id='word_1_160' title='bbox 1118 3698 1458 3770; x_wconf 87' lang='lat' dir='ltr'><strong>Florebat</strong></span> <span class='ocrx_word' id='word_1_161' title='bbox 1493 3718 1683 3769; x_wconf 90' lang='lat' dir='ltr'><strong>anno</strong></span> <span class='ocrx_word' id='word_1_162' title='bbox 1720 3715 2253 3770; x_wconf 80' lang='lat' dir='ltr'><strong>Mchxxxvl.</strong></span> <span class='ocrx_word' id='word_1_163' title='bbox 2344 3697 2618 3770; x_wconf 90' lang='lat' dir='ltr'><strong>Hector</strong></span> <span class='ocrx_word' id='word_1_164' title='bbox 2654 3697 2914 3770; x_wconf 88' lang='lat' dir='ltr'><strong>Boeth.</strong></span> <span class='ocrx_word' id='word_1_165' title='bbox 2950 3698 3076 3771; x_wconf 88' lang='lat' dir='ltr'><strong>lib.</strong></span> <span class='ocrx_word' id='word_1_166' title='bbox 3115 3715 3288 3768; x_wconf 83' lang='lat' dir='ltr'><strong>xv1.</strong></span> <span class='ocrx_word' id='word_1_167' title='bbox 3325 3697 3408 3768; x_wconf 88' lang='lat' dir='ltr'><strong>in</strong></span> <span class='ocrx_word' id='word_1_168' title='bbox 3436 3697 3819 3790; x_wconf 88' lang='lat' dir='ltr'><strong>principio.</strong></span> 
     </span>
    </p>
   </div>
   <div class='ocr_carea' id='block_1_9' title="bbox 1908 3929 2928 4004">
    <p class='ocr_par' dir='ltr' id='par_1_9' title="bbox 1908 3929 2928 4004">
     <span class='ocr_line' id='line_1_25' title="bbox 1908 3929 2928 4004; baseline 0.002 -4"><span class='ocrx_word' id='word_1_169' title='bbox 1908 3929 1982 4002; x_wconf 89' lang='lat' dir='ltr'><strong>S.</strong></span> <span class='ocrx_word' id='word_1_170' title='bbox 2038 3929 2652 4004; x_wconf 90' lang='lat' dir='ltr'><strong>FOILLANUS.</strong></span> <span class='ocrx_word' id='word_1_171' title='bbox 2759 3936 2928 4004; x_wconf 79' lang='lat'><strong>538.</strong></span> 
     </span>
    </p>
   </div>
   <div class='ocr_carea' id='block_1_10' title="bbox 1010 4164 3821 4966">
    <p class='ocr_par' dir='ltr' id='par_1_10' title="bbox 1010 4164 3821 4845">
     <span class='ocr_line' id='line_1_26' title="bbox 1016 4164 3820 4258; baseline -0.001 -20"><span class='ocrx_word' id='word_1_172' title='bbox 1016 4167 1089 4238; x_wconf 90' lang='lat' dir='ltr'><strong>S.</strong></span> <span class='ocrx_word' id='word_1_173' title='bbox 1125 4165 1613 4238; x_wconf 76' lang='lat' dir='ltr'>FOILLANUS</span> <span class='ocrx_word' id='word_1_174' title='bbox 1647 4167 1808 4250; x_wconf 88' lang='lat' dir='ltr'><strong>iste,</strong></span> <span class='ocrx_word' id='word_1_175' title='bbox 1841 4167 2171 4238; x_wconf 83' lang='lat' dir='ltr'><strong>diversus</strong></span> <span class='ocrx_word' id='word_1_176' title='bbox 2205 4166 2298 4237; x_wconf 90' lang='lat' dir='ltr'><strong>ab</strong></span> <span class='ocrx_word' id='word_1_177' title='bbox 2346 4167 2436 4236; x_wconf 87' lang='lat' dir='ltr'><strong>iis</strong></span> <span class='ocrx_word' id='word_1_178' title='bbox 2486 4167 2576 4238; x_wconf 90' lang='lat' dir='ltr'><strong>de</strong></span> <span class='ocrx_word' id='word_1_179' title='bbox 2625 4165 2889 4258; x_wconf 88' lang='lat' dir='ltr'><strong>quibus</strong></span> <span class='ocrx_word' id='word_1_180' title='bbox 2939 4165 3076 4237; x_wconf 88' lang='lat' dir='ltr'><strong>hoc</strong></span> <span class='ocrx_word' id='word_1_181' title='bbox 3120 4164 3309 4238; x_wconf 93' lang='lat' dir='ltr'><strong>libro</strong></span> <span class='ocrx_word' id='word_1_182' title='bbox 3341 4173 3606 4248; x_wconf 83' lang='lat' dir='ltr'><strong>actum,</strong></span> <span class='ocrx_word' id='word_1_183' title='bbox 3657 4187 3820 4236; x_wconf 88' lang='lat' dir='ltr'><strong>cum</strong></span> 
     </span>
     <span class='ocr_line' id='line_1_27' title="bbox 1015 4281 3818 4379; baseline 0 -25"><span class='ocrx_word' id='word_1_184' title='bbox 1015 4283 1233 4356; x_wconf 86' lang='lat' dir='ltr'><strong>Helia</strong></span> <span class='ocrx_word' id='word_1_185' title='bbox 1266 4291 1340 4354; x_wconf 90' lang='lat' dir='ltr'><strong>et</strong></span> <span class='ocrx_word' id='word_1_186' title='bbox 1374 4281 1667 4355; x_wconf 90' lang='lat' dir='ltr'><strong>Kiliano</strong></span> <span class='ocrx_word' id='word_1_187' title='bbox 1700 4283 1774 4354; x_wconf 93' lang='lat' dir='ltr'><strong>S.</strong></span> <span class='ocrx_word' id='word_1_188' title='bbox 1812 4283 2161 4356; x_wconf 88' lang='lat' dir='ltr'><strong>Livinum</strong></span> <span class='ocrx_word' id='word_1_189' title='bbox 2213 4305 2304 4354; x_wconf 82' lang='lat' dir='ltr'><strong>ex</strong></span> <span class='ocrx_word' id='word_1_190' title='bbox 2353 4281 2594 4354; x_wconf 88' lang='lat' dir='ltr'><strong>Scotia</strong></span> <span class='ocrx_word' id='word_1_191' title='bbox 2635 4281 3267 4379; x_wconf 85' lang='lat' dir='ltr'><strong>peregrinaturum</strong></span> <span class='ocrx_word' id='word_1_192' title='bbox 3315 4292 3628 4367; x_wconf 74' lang='lat' dir='ltr'><strong>secutus,</strong></span> <span class='ocrx_word' id='word_1_193' title='bbox 3671 4305 3818 4354; x_wconf 89' lang='lat' dir='ltr'><strong>om·</strong></span> 
     </span>
     <span class='ocr_line' id='line_1_28' title="bbox 1010 4399 3815 4495; baseline -0.001 -23"><span class='ocrx_word' id='word_1_194' title='bbox 1010 4401 1217 4472; x_wconf 88' lang='lat' dir='ltr'><strong>nium</strong></span> <span class='ocrx_word' id='word_1_195' title='bbox 1250 4399 1447 4470; x_wconf 85' lang='lat' dir='ltr'><strong>illius</strong></span> <span class='ocrx_word' id='word_1_196' title='bbox 1496 4399 1821 4472; x_wconf 91' lang='lat' dir='ltr'><strong>laborum</strong></span> <span class='ocrx_word' id='word_1_197' title='bbox 1866 4423 2123 4483; x_wconf 85' lang='lat' dir='ltr'><strong>comes,</strong></span> <span class='ocrx_word' id='word_1_198' title='bbox 2174 4401 2536 4472; x_wconf 85' lang='lat' dir='ltr'><strong>virtutum</strong></span> <span class='ocrx_word' id='word_1_199' title='bbox 2586 4399 3002 4484; x_wconf 87' lang='lat' dir='ltr'><strong>admirator,</strong></span> <span class='ocrx_word' id='word_1_200' title='bbox 3054 4400 3388 4495; x_wconf 83' lang='lat' dir='ltr'><strong>martyrii</strong></span> <span class='ocrx_word' id='word_1_201' title='bbox 3435 4407 3815 4492; x_wconf 87' lang='lat' dir='ltr'><strong>spectator.</strong></span> 
     </span>
     <span class='ocr_line' id='line_1_29' title="bbox 1010 4513 3818 4613; baseline -0.001 -24"><span class='ocrx_word' id='word_1_202' title='bbox 1010 4515 1189 4589; x_wconf 88' lang='lat' dir='ltr'><strong>Vita</strong></span> <span class='ocrx_word' id='word_1_203' title='bbox 1240 4514 1317 4587; x_wconf 89' lang='lat' dir='ltr'><strong>S.</strong></span> <span class='ocrx_word' id='word_1_204' title='bbox 1371 4513 1648 4601; x_wconf 88' lang='lat' dir='ltr'><strong>Livini,</strong></span> <span class='ocrx_word' id='word_1_205' title='bbox 1701 4538 1921 4609; x_wconf 88' lang='lat' dir='ltr'><strong>quam</strong></span> <span class='ocrx_word' id='word_1_206' title='bbox 1968 4517 2047 4588; x_wconf 91' lang='lat' dir='ltr'><strong>in</strong></span> <span class='ocrx_word' id='word_1_207' title='bbox 2096 4516 2459 4608; x_wconf 88' lang='lat' dir='ltr'><strong>epitomen</strong></span> <span class='ocrx_word' id='word_1_208' title='bbox 2507 4517 2788 4613; x_wconf 80' lang='lat' dir='ltr'><strong>redegit</strong></span> <span class='ocrx_word' id='word_1_209' title='bbox 2837 4514 3268 4588; x_wconf 85' lang='lat' dir='ltr'><strong>Franciscus</strong></span> <span class='ocrx_word' id='word_1_210' title='bbox 3320 4513 3652 4588; x_wconf 75' lang='lat' dir='ltr'><strong>Hal-aeus</strong></span> <span class='ocrx_word' id='word_1_211' title='bbox 3702 4514 3818 4586; x_wconf 87' lang='lat' dir='ltr'><strong>die</strong></span> 
     </span>
     <span class='ocr_line' id='line_1_30' title="bbox 1012 4630 3821 4729; baseline -0.001 -23"><span class='ocrx_word' id='word_1_212' title='bbox 1012 4651 1165 4706; x_wconf 72' lang='grc' dir='ltr'><strong>ΧΠ.</strong></span> <span class='ocrx_word' id='word_1_213' title='bbox 1200 4630 1277 4705; x_wconf 93' lang='lat' dir='ltr'>N</span> <span class='ocrx_word' id='word_1_214' title='bbox 1278 4630 1559 4704; x_wconf 84' lang='lat' dir='ltr'><strong>ovemb.</strong></span> <span class='ocrx_word' id='word_1_215' title='bbox 1660 4630 2013 4726; x_wconf 81' lang='lat' dir='ltr'><strong>Martyris</strong></span> <span class='ocrx_word' id='word_1_216' title='bbox 2048 4633 2580 4704; x_wconf 84' lang='lat' dir='ltr'><strong>sanctissimum</strong></span> <span class='ocrx_word' id='word_1_217' title='bbox 2614 4655 2874 4727; x_wconf 85' lang='lat' dir='ltr'><strong>corpus</strong></span> <span class='ocrx_word' id='word_1_218' title='bbox 2907 4632 2988 4703; x_wconf 90' lang='lat' dir='ltr'><strong>in</strong></span> <span class='ocrx_word' id='word_1_219' title='bbox 3019 4655 3292 4729; x_wconf 83' lang='lat' dir='ltr'><strong>pagum</strong></span> <span class='ocrx_word' id='word_1_220' title='bbox 3328 4630 3650 4706; x_wconf 86' lang='lat' dir='ltr'><strong>Hantem</strong></span> <span class='ocrx_word' id='word_1_221' title='bbox 3697 4632 3821 4703; x_wconf 90' lang='lat' dir='ltr'><strong>de-</strong></span> 
     </span>
     <span class='ocr_line' id='line_1_31' title="bbox 1012 4747 3328 4845; baseline -0 -22"><span class='ocrx_word' id='word_1_222' title='bbox 1012 4751 1205 4838; x_wconf 89' lang='lat' dir='ltr'><strong>tulit,</strong></span> <span class='ocrx_word' id='word_1_223' title='bbox 1240 4758 1461 4845; x_wconf 88' lang='lat' dir='ltr'><strong>atque</strong></span> <span class='ocrx_word' id='word_1_224' title='bbox 1498 4771 1663 4820; x_wconf 89' lang='lat' dir='ltr'><strong>cum</strong></span> <span class='ocrx_word' id='word_1_225' title='bbox 1699 4748 1909 4822; x_wconf 83' lang='lat' dir='ltr'><strong>sociis</strong></span> <span class='ocrx_word' id='word_1_226' title='bbox 1942 4749 2060 4842; x_wconf 89' lang='lat' dir='ltr'><strong>pie</strong></span> <span class='ocrx_word' id='word_1_227' title='bbox 2094 4749 2427 4844; x_wconf 84' lang='lat' dir='ltr'><strong>sepelivit</strong></span> <span class='ocrx_word' id='word_1_228' title='bbox 2459 4749 2726 4822; x_wconf 90' lang='lat' dir='ltr'><strong>ibidem</strong></span> <span class='ocrx_word' id='word_1_229' title='bbox 2759 4749 2921 4822; x_wconf 88' lang='lat' dir='ltr'><strong>loci.</strong></span> <span class='ocrx_word' id='word_1_230' title='bbox 3025 4747 3328 4844; x_wconf 85' lang='lat' dir='ltr'><strong>Scripsit</strong></span> 
     </span>
    </p>

    <p class='ocr_par' dir='ltr' id='par_1_11' title="bbox 1306 4855 3122 4966">
     <span class='ocr_line' id='line_1_32' title="bbox 1306 4855 3122 4966; baseline -0.002 -26"><span class='ocrx_word' id='word_1_231' title='bbox 1306 4865 1501 4944; x_wconf 84' lang='lat' dir='ltr'><strong>Acta</strong></span> <span class='ocrx_word' id='word_1_232' title='bbox 1530 4865 1783 4942; x_wconf 83' lang='lat' dir='ltr'><strong>Livini</strong></span> <span class='ocrx_word' id='word_1_233' title='bbox 1818 4865 2159 4966; x_wconf 81' lang='lat' dir='ltr'><strong>Magistri</strong></span> <span class='ocrx_word' id='word_1_234' title='bbox 2233 4855 2240 4862; x_wconf 70' lang='grc'><strong>’</strong></span> <span class='ocrx_word' id='word_1_235' title='bbox 2899 4863 3028 4938; x_wconf 91' lang='lat' dir='ltr'><strong>lib.</strong></span> <span class='ocrx_word' id='word_1_236' title='bbox 3069 4883 3122 4936; x_wconf 91' lang='lat'><strong>1.</strong></span> 
     </span>
    </p>
   </div>
  </div>
 </body>
</html>
