4384 5817
1241 576 1597 650 GENTIS
1644 574 2206 659 scoToRUM,
2252 574 2434 644 LIB.
2481 575 2580 644 11.
3192 574 3320 642 119

512 786 665 846 tum
704 773 1129 867 opusculum
1161 771 1337 856 vidi,
1369 769 1751 844 vernacule
1782 769 2082 852 editum,
2116 766 2254 840 sub
2287 765 2528 851 titulo,

814 887 1257 982 Nepenth'es,
1293 909 1423 960 seu
1452 885 1543 958 de
1574 883 1651 958 N
1651 885 2000 958 icotianae
2034 881 2324 956 Herbae
2354 879 2676 966 Viribus,
2801 881 2927 954 lib.
2965 895 3020 952 1.

612 1004 823 1078 Vivit
854 1003 1091 1078 adhuc
1121 1004 1203 1076 in
1234 999 1499 1076 Scotia.

1157 1227 1711 1308 nonna-ms
1758 1225 2403 1303 BALFonnus.
2507 1173 2681 1308 269.

515 1467 961 1540 Ronnn‘rus
1004 1465 1407 1552 Balforeus,
1453 1463 1569 1536 sui
1618 1463 1837 1535 seculi
1885 1461 2223 1556 phoenix,
2269 1457 2538 1532 Graece
2583 1466 2656 1531 et
2689 1458 2950 1532 Latine
2995 1457 3320 1532 doctissi-

514 1606 701 1668 mus,
742 1579 1217 1676 philosophus
1266 1590 1341 1652 et
1388 1577 1935 1652 mathematicus
1962 1573 2238 1670 'priscis
2253 1573 2262 1580 ’
2279 1571 2748 1648 conferendus
2775 1595 2808 1661 3·
2851 1576 2944 1648 ad
2991 1575 3164 1647 haec
3212 1577 3322 1646 in-

513 1698 835 1772 credibili
884 1719 1171 1771 morum
1218 1694 1601 1779 suavitate,
1652 1693 1950 1765 caritate
1998 1693 2079 1764 in
2125 1691 2508 1786 populares
2551 1713 2721 1764 suos
2773 1701 2846 1763 et
2879 1691 3071 1763 cives
3103 1692 3322 1763 raris-

514 1815 720 1900 sima,
754 1837 837 1886 ac
870 1813 1098 1886 veluti
1128 1812 1365 1886 totius-
1381 1805 1627 1908 'gentis
1656 1807 1859 1880 sacra
1889 1805 2260 1892 anchora3
2311 1805 2620 1903 triginta
2641 1807 2800 1902 jam
2834 1807 3044 1878 annis
3088 1805 3321 1900 Lyce·

514 1953 641 2000 um
676 1929 1211 2026 Burdegalense
1258 1947 1543 1998 summa
1582 1923 1968 2016 prudentia
2008 1929 2119 1994 est
2166 1923 2600 2008 moderatus,
2653 1925 2861 2020 cujus
2909 1923 3322 1996 claritudini

516 2067 662 2118 non
693 2065 951 2138 parum
984 2041 1387 2137 splendoris
1416 2042 1711 2120 accessit
1742 2061 1833 2112 ex
1856 2038 2135 2134 judicio
2167 2036 2340 2110 DN.
2383 2035 2736 2124 Candalii,
2786 2039 2914 2131 qui
2965 2059 3130 2112 eum
3179 2049 3320 2110 tes-

516 2170 841 2234 tamento
872 2159 1281 2244 honoravit,
1310 2157 1519 2231 libris
1551 2157 1703 2230 suis
1736 2157 2069 2230 omnihus
2102 2155 2630 2229 mathematicis
2663 2156 2732 2228 ei
2763 2157 3041 2252 legatis.
3125 2154 3318 2253 Ejus

520 2285 689 2349 sunt
718 2293 739 2346 ἕ
1280 2345 1287 2350 .

815 2389 1225 2464 cleomedes
1258 2389 1528 2462 Graece
1558 2396 1635 2461 et
1665 2386 1929 2460 Latine
1962 2409 2127 2462 cum
2160 2388 2356 2463 notis
2809 2386 2934 2460 lib.
2970 2406 3025 2461 1.

816 2503 1217 2579 Concilium
1249 2487 1600 2577 N'icaeum
1632 2501 1901 2576 Graece
1932 2511 2007 2576 et
2039 2503 2304 2610 Latine
2339 2525 2504 2576 cum
2537 2503 2730 2576 notis
2803 2503 2930 2577 lib.
2965 2521 3021 2576 1.
3116 2505 3322 2578 Gela-

912 2621 1065 2693 sius
1096 2619 1497 2714 Cyzicenus
1529 2616 1797 2690 Graece
1828 2621 2424 2692 commentarium
2455 2619 2536 2692 in
2566 2617 2759 2692 Acta
2787 2619 2986 2694 illius
3018 2619 3322 2694 Concilii

916 2735 1257 2820 ediderat,
1288 2733 1409 2806 hic
1439 2733 1733 2808 civitate
1765 2732 2034 2806 Latina
2064 2735 2413 2807 donavit·
2393 2785 2418 2827 ,
2467 2734 2739 2850 prodiit
2771 2721 3096 2810 Parisiis.

820 2849 1407 2924 commentaria
1382 2871 1464 2922 111
1498 2845 1913 2922 Aristotelis
1946 2845 2298 2946 Logicam
2405 2957 2411 2964 ο
2809 2850 2936 2924 lib.
2971 2869 3026 2924 1.

814 2963 1400 3039 Commentaria
1375 2987 1454 3036 m
1486 2963 1905 3039 Aristotelis
1938 2964 2329 3060 Physicam
2803 2967 2930 3042 lib.
2971 2985 3022 3039 1.

819 3079 1409 3154 commentaria·
1386 3102 1467 3152 111
1497 3078 1913 3152 Aristotelis
1948 3077 2264 3156 Ethioen
2571 3133 2574 3136 -
2805 3083 2932 3156 lib.
2972 3103 3025 3157 1.

820 3193 913 3268 In
944 3193 1400 3268 Mechanicas
1431 3194 1849 3269 Aristotelis
1891 3195 1966 3267 N
1965 3206 2173 3284 otae;
2225 3221 2406 3292 quas
2454 3220 2646 3270 anno
2695 3198 2952 3271 deinde
2984 3212 3324 3296 sequente

916 3309 1275 3404 Josephus
1307 3310 1717 3385 Blancanus
1768 3310 1926 3384 Soc.
1976 3311 2032 3383 J
2027 3335 2157 3386 esu
2202 3313 2580 3408 presbyter
2627 3315 2771 3388 alio
2819 3321 3327 3391 commentario

918 3425 1331 3512 illustravit,
1366 3427 1491 3500 sed
1523 3436 1729 3500 tanta
1758 3427 2244 3519 proximitate.
2299 3437 2383 3502 ut
2431 3429 2639 3505 facile
2668 3420 3049 3526 appareret
3079 3433 3328 3504 eadem

923 3541 1167 3614 studia
1232 3543 1627 3616 colentibus
1692 3540 1991 3616 eandem
2065 3537 2432 3616 interdum
2509 3567 2663 3620 esse
2737 3546 3168 3618 industriam
3256 3558 3329 3618 et

918 3666 1280 3730 eventum.

613 3769 821 3844 Vivit
837 3769 1072 3842 adhuc
1088 3763 1567 3870 ‘Burdeg-alae,
1592 3773 1985 3845 amicorum
2003 3775 2430 3862 subsidium,
2453 3786 2526 3850 et
2543 3778 2784 3876 gentis
2804 3787 3324 3852 ornamentum.

1047 4115 1692 4192 GUILIELMUS
1741 4121 2534 4196 BELLENDENUS.
2637 4128 2806 4198 210.

533 4345 1069 4421 Gmmems
1144 4345 1647 4435 BellendenuS,
1722 4351 1877 4423 sive
1958 4352 2440 4440 Ballantinus,
2525 4354 3030 4430 honestissimo
3111 4356 3328 4430 bona-

532 4483 694 4534 rum
768 4464 1039 4536 artium
1110 4463 1353 4538 studio
1426 4464 1729 4538 Ρ3113113
1798 4467 2137 4541 inclaruit
2194 4469 2558 4562 professor
2610 4469 2692 4544 in
2751 4473 3134 4556 academia,
3201 4495 3326 4566 pa-

533 4589 785 4656 tronus
842 4571 1220 4662 causarum
1276 4581 1357 4652 in
1412 4601 1751 4673 supremo
1800 4579 2200 4656 Galliarum
2249 4595 2556 4673 senatu,
2617 4596 2778 4660 tum
2825 4587 3117 4660 demum
3169 4609 3328 4660 ora-

530 4692 707 4766 toris
772 4717 1069 4767 munere
1134 4695 1560 4769 honestatus
1624 4697 2070 4792 principibus
2135 4699 2312 4784 suis,
2379 4701 2704 4799 Reginae
2772 4701 3075 4788 Mariae,
3143 4702 3322 4775 filio·

533 4829 671 4900 que
728 4807 1021 4898 Jacobo,
1068 4809 1348 4883 fidelem
1406 4832 1697 4905 operam
1744 4813 2066 4901 navavit,
2128 4837 2175 4888 3
2221 4837 2368 4908 quo
2415 4817 2808 4911 posteriore
2855 4817 3189 4915 magistri
3237 4818 3324 4890 li-
