4384 5817
1295 561 1654 632 GENTIS
1699 561 2265 644 SCOTORUM,
2312 561 2495 632 LIB.
2548 561 2626 628 V.
3224 563 3355 628 245

547 757 696 830 rico
725 756 1160 847 imperatore
1184 751 1566 826 Fuldensis
1591 753 1810 826 abbas
1835 753 2070 826 factus
2103 756 2293 828 circa
2326 775 2597 828 annum
2634 769 3003 826 Mcxvlu.
3100 752 3352 824 Munt-

545 895 754 946 zetus
787 871 1058 944 Chron.
1095 869 1434 942 German.
1539 870 1930 942 Browerus
1963 873 2085 944 lib.
2125 889 2235 942 lv·

1419 1100 1494 1174 S.
1547 1099 2196 1176 EGEBERTUS.
2300 1107 2469 1182 448.

541 1336 616 1408 S.
684 1334 1200 1407 EGEBERTUS
1265 1335 1484 1406 abbas
1553 1334 1935 1408 Fuldensis
2001 1339 2421 1410 nominatur
2486 1339 2568 1407 in
2636 1337 2848 1408 rebus
2926 1335 3347 1410 Machabaei
3476 1401 3495 1433 ,

541 1453 732 1548 regis
786 1453 980 1545 apud
1030 1450 1083 1522 J
1083 1471 1387 1524 oannem
1439 1451 1818 1522 Leslaeum
1863 1453 1989 1526 lib.
2035 1471 2111 1523 V.
2164 1463 2209 1496 ‘⁶
2242 1455 2595 1526 Doctrina
2638 1463 2712 1524 et
2756 1455 3139 1525 sanctitate
3184 1475 3349 1524 con-

537 1569 834 1662 spicuus
867 1569 946 1640 in
981 1568 1109 1640 SS.
1145 1567 1390 1640 album
1422 1571 1758 1640 relatus.’'
1841 1568 2090 1642 Uvion
2121 1570 2247 1642 lib.
2288 1589 2413 1643 111.
2446 1592 2613 1665 pag.
2653 1587 3033 1642 CCCCXIV.
3130 1567 3349 1640 Hunc

539 1707 686 1759 non
721 1707 970 1757 omnes
1004 1684 1298 1756 Scotum
1343 1685 1666 1771 faciunt3
1719 1685 1800 1756 in
1832 1686 1948 1758 his
1989 1695 2100 1772 est
2151 1686 2717 1780 christophorus
2767 1685 3181 1768 BroweruS,
3234 1686 3349 1755 cui

541 1800 756 1894 Eppo
800 1810 912 1872 est
961 1801 1084 1872 lib.
1123 1818 1234 1872 IV.
1286 1801 1731 1894 Antiquitat.
1785 1803 2259 1876 Fuldensium
2308 1824 2474 1899 pag.
2512 1820 2824 1875 cDxcn.
2926 1801 3351 1874 Hermanno

541 1917 930 1990 Contracto
961 1921 1041 1989 in
1077 1917 1438 1991 Chronico
1481 1920 1572 1990 ad
1615 1940 1886 1990 annum
1925 1939 2172 1993 unx.
2224 1923 2412 1992 male
2458 1919 2875 1992 Eberardus
2923 1921 3345 2013 appellatur.

543 2035 792 2131 Hujus
825 2037 1149 2131 regimen
1179 2036 1706 2108 nobilissimum
1741 2036 1909 2120 fuit,
1960 2039 2227 2131 quippe
2259 2037 2775 2109 monasterium
2824 2059 3039 2107 suum
3072 2059 3114 2106 a
3148 2035 3349 2129 regia

539 2161 896 2245 potestate
927 2155 1020 2226 ad
1051 2152 1492 2245 pontificiam
1527 2154 1839 2237 reduxit,
1871 2162 1958 2224 ut
1991 2154 2184 2224 idem
2230 2151 2663 2224 Contractus
2708 2151 3045 2222 observat
3088 2149 3177 2220 ad
3225 2171 3347 2222 an-
3488 2181 3494 2187 ·

541 2291 715 2340 num
753 2286 1006 2339 Mun.
1093 2269 1434 2340 Meminit
1465 2269 1686 2363 hujus
1720 2269 2084 2341 Othlonus
2119 2266 2503 2338 Fuldensis
2536 2267 2615 2337 in
2647 2264 2827 2339 Vita
2851 2266 2924 2336 S.
2962 2264 3345 2336 Bonifacii.

539 2383 956 2456 Marianum
999 2384 1290 2456 Scotum
1337 2408 1378 2456 e
1425 2383 1996 2457 Paderbornensi
2028 2385 2371 2457 coenobio
2422 2392 2678 2455 exusto
2728 2382 3041 2454 Fuldam
3090 2381 3343 2463 duxit3

541 2499 874 2572 interfuit
921 2501 1200 2594 synodo
1251 2501 1750 2596 Moguntinae,
1803 2511 1876 2574 et
1908 2509 2285 2596 praesente
2336 2498 2654 2571 Henrico
2702 2501 3133 2592 imperatore
3184 2521 3349 2568 cau-

541 2639 690 2688 sam
727 2617 936 2689 dixit.
1039 2618 1367 2710 Scripsit,
1401 2627 1486 2690 ut
1521 2620 1780 2711 accepi,

840 2733 1188 2806 Lecturas
1223 2735 1303 2805 in
1334 2733 1589 2805 Sacras
1625 2735 2033 2826 Scripturas
2432 2732 2558 2803 lib.
2597 2750 2649 2801 1.

838 2848 1208 2943 Epistolas
1241 2851 1334 2923 ad
1365 2849 1686 2922 Leonem
1720 2849 1858 2922 IX.
1895 2849 2170 2942 Papam
2430 2848 2557 2920 lib.
2596 2866 2649 2919 1.

837 2965 1070 3060 Super
1102 2967 1312 3040 Actis
1345 2965 1706 3038 Bonifacii
2431 2967 2557 3039 lib.
2596 2984 2650 3038 1.

637 3081 898 3174 Coepit
930 3083 1174 3154 sedere
1205 3105 1397 3156 anno
1433 3100 1808 3154 Mvanl.
1861 3093 1934 3154 et
1983 3093 2148 3176 post
2198 3083 2620 3155 decennium
2664 3083 2846 3155 obiit
2881 3096 3021 3151 XV.
3074 3082 3343 3152 calend.

541 3197 918 3271 Decembr.

1447 3432 1522 3505 S.
1577 3430 2170 3507 ERTHADUS.
2272 3436 2443 3513 449.

543 3665 614 3736 S.
651 3662 1142 3750 ERTHADUS,
1174 3666 1364 3737 mira
1393 3667 1586 3738 vitae
1619 3665 2096 3740 sanctimonia
2127 3667 2501 3758 episcopus
2538 3665 2615 3736 in
2652 3664 2915 3748 Scotia,
2951 3667 3237 3759 scripsit

840 3780 1188 3854 Lecturas
1221 3782 1300 3852 in
1335 3781 1580 3853 Biblia
2434 3782 2559 3853 lib.
2598 3800 2650 3853 1.

837 3897 951 3969 De
983 3899 1258 3970 Divina
1289 3897 1634 3970 Essentia
2437 3899 2561 3970 lib.
2603 3917 2655 3968 1.

839 4013 1246 4110 Allegorias
1285 4013 1540 4087 sacras
2440 4015 2564 4086 lib.
2604 4034 2655 4087 1.

639 4129 926 4202 Floruit
984 4153 1175 4203 anno
1227 4148 1808 4204 Dccccxxxlu.
1911 4131 2196 4202 Colitur
2247 4132 2365 4223 pie
2422 4149 2659 4202 xxw.
2714 4129 2764 4200 J
2769 4131 2921 4202 ulii.
3020 4131 3347 4204 Breviar.

543 4245 798 4317 Scotic.

1524 4448 1598 4519 S.
1653 4444 2088 4518 ELIGIUS.
2196 4451 2364 4519 450.

544 4591 618 4661 S.
669 4592 1052 4682 Emeum,
1115 4595 1346 4670 Gallis
1395 4596 1613 4691 Eloy,
1677 4597 1884 4669 Italis
1940 4595 2015 4667 S.
2076 4596 2245 4682 Alo,
2304 4597 2381 4670 N
2382 4599 2907 4694 oviomagensis
2969 4599 3047 4669 in
3110 4597 3350 4668 Picar-

542 4707 662 4778 dia
711 4711 1106 4805 episcopus,
1157 4713 1246 4784 de
1293 4714 1503 4809 quus
1561 4713 2007 4785 memorabili
2064 4716 2445 4787 sanctitate
2494 4715 2857 4787 Batonius
2911 4715 3005 4784 ad
3062 4713 3345 4808 Marty-

549 4825 774 4920 rolog.
829 4825 1137 4900 Roman.
1189 4830 1306 4899 die
1359 4847 1410 4901 1.
1463 4828 1902 4914 Decembris,
1954 4838 2028 4902 et
2075 4827 2267 4915 Ado,
2320 4829 2541 4914 Beda,
2596 4829 2997 4912 Usuardus,
3050 4807 3349 4902 Gall&-
