4384 5817
1099 552 1228 618 166
1867 545 2335 619 HISTORIA
2380 551 3134 622 ECCLESIASTICA

1097 745 1191 815 do
1224 765 1370 814 non
1403 743 1482 813 in
1515 741 1777 823 Scotia,
1813 742 1938 812 sed
1969 763 2061 812 ne
2093 741 2303 813 ullibi
2334 741 2627 834 quidem
2658 750 3039 827 terrarum,
3072 744 3215 814 nisi
3248 742 3436 816 forte
3469 745 3569 818 sit
3602 745 3891 840 Longo-

1099 860 1361 941 vicum,
1399 859 1608 952 cujus
1641 857 1971 928 meminit
2015 878 2419 950 anonymus
2466 866 2708 930 noster
2742 855 2997 930 Scotus
3046 859 3127 930 in
3176 857 3465 932 Notitia
3510 862 3890 952 utriusque

1096 973 1416 1066 Imperii,
1469 981 1544 1044 et
1593 971 1940 1065 oppidum
1991 983 2098 1046 est
2149 973 2367 1042 hodie
2414 973 2653 1044 nobile
2702 975 2781 1044 in
2830 975 3246 1067 episcopatu
3294 973 3766 1048 Dunelmensi
3817 977 3890 1046 in

1095 1087 1400 1158 confinio
1434 1086 1733 1168 Scotiae,
1771 1089 1992 1184 vulgo
2025 1087 2507 1182 Langcaster3
2558 1089 2795 1160 nescio
2828 1087 3073 1182 itaque
3104 1111 3201 1162 an
3231 1089 3350 1162 hic
3380 1093 3579 1162 locus
3614 1091 3737 1163 ille
3772 1092 3887 1174 sit,

1093 1215 1168 1274 et
1221 1197 1792 1296 Longovioensis
1829 1204 2213 1300 legendum
2256 1203 2401 1274 eit:
2450 1211 2643 1276 certe
2686 1203 2763 1275 S.
2808 1203 3283 1278 Adamannus
3328 1204 3585 1277 Scotus
3630 1207 3757 1277 lib.
3803 1225 3888 1276 11.

1091 1319 1180 1389 de
1230 1317 1410 1389 Vita
1457 1316 1706 1389 Sancti
1761 1316 2150 1390 Columbae
2200 1339 2367 1389 eum
2414 1319 2741 1391 nominat
2788 1329 3137 1412 tanquam
3182 1321 3425 1392 virum
3474 1322 3885 1414 episcopatu

1091 1434 1419 1528 dignum,
1455 1442 1528 1504 et
1560 1433 1974 1525 primitivae
2007 1434 2199 1528 apud
2232 1431 2551 1506 Saxones
2592 1435 2923 1506 ecclesiae
2957 1436 3401 1526 praesulem3
3454 1447 3890 1528 quapropter

1089 1570 1408 1643 auguror
1455 1548 1649 1620 hunc
1695 1559 2024 1620 nostrum
2077 1571 2309 1622 unum
2358 1572 2451 1622 ex
2506 1549 3028 1622 successoribus
3078 1547 3326 1622 Sancti
3375 1548 3647 1621 Aidani
3698 1551 3887 1624 Scoti

1089 1664 1314 1736 fuisse
1345 1665 1424 1734 in
1456 1662 1750 1758 Anglici
1782 1666 2030 1756 populi
2063 1664 2545 1748 institutione,
2580 1665 2707 1736 sed
2740 1665 3153 1758 conjectura
3182 1673 3471 1738 tantum
3504 1673 3635 1736 est.

1187 1778 1474 1850 Floruit
1509 1779 1696 1850 circa
1727 1801 2002 1851 annum
2037 1795 2289 1850 Dch.
2371 1779 2547 1850 Dies
2589 1779 2748 1874 ejus
2794 1781 3031 1853 cultus
3078 1781 3419 1864 incertus,
3454 1786 3531 1851 et
3562 1781 3697 1852 soli
3729 1780 3885 1852 Deo

1087 1903 1328 1966 notus·

1955 2089 2030 2162 S.
2085 2088 2726 2164 CONLEATUS.
2829 2095 3003 2166 288.

1083 2243 1157 2314 S.
1192 2242 1722 2324 CONLEATUS,
1757 2241 2132 2332 episcopus
2163 2238 2421 2315 Scotus
2456 2263 2547 2314 ex
2582 2239 3021 2318 Keldeorum
3054 2262 3336 2338 genere,
3366 2243 3513 2327 sed,
3543 2253 3627 2318 ut
3660 2267 3745 2318 eo
3778 2267 3879 2316 se-

1080 2359 1242 2430 culo
1291 2365 1732 2440 consuetum,
1783 2356 1967 2428 nulli
2018 2363 2253 2426 certae
2286 2358 2439 2428 sedi
2472 2357 2840 2452 illigatus:
2890 2359 3321 2432 familiarem
3364 2381 3532 2432 eum
3578 2357 3880 2432 Sanctae

1080 2472 1425 2568 Brigitlae
1474 2471 1745 2567 virg-ini
1785 2470 1962 2544 facit
2011 2472 2088 2541 in
2133 2471 2329 2542 illius
2370 2471 2549 2544 Vita
2594 2473 2978 2570 cogitosus
3026 2471 3315 2566 Nepos3
3366 2473 3457 2544 de
3504 2496 3651 2567 quo
3700 2475 3881 2548 nihil

1087 2590 1282 2659 ultra
1315 2587 1710 2682 cognitum.
1811 2585 2098 2670 Claruit
2129 2587 2319 2658 circa
2351 2609 2623 2660 annum
2658 2605 2864 2681 nxx.

1927 2817 2002 2888 S.
2056 2757 2743 2890 CONSTANTIA.
2846 2822 3016 2892 284.

1081 3051 1152 3124 S.
1187 3051 1734 3124 CONSTANTlA
1765 3069 1858 3120 ex
1907 3045 2150 3120 Scotia
2191 3046 2269 3119 S.
2320 3047 2665 3120 Ursulum
2714 3058 2979 3133 secuta,
3030 3071 3195 3124 cum
3244 3073 3331 3120 ea
3380 3050 3875 3144 virginitatem
3917 3155 3923 3160 .

1079 3165 1237 3240 Deo
1269 3167 1496 3252 vovit,
1529 3165 1796 3238 terreni
1831 3163 2074 3256 sponsi
2107 3164 2481 3254 amplexus
2528 3163 2743 3259 fugit,
2788 3163 3099 3238 Romam
3140 3163 3480 3256 profecta,
3526 3165 3695 3244 inde
3737 3159 3907 3240 Co-'

1079 3283 1347 3354 Ioniam
1397 3281 1708 3354 secundo
1757 3279 2016 3351 Rheno
2059 3280 2317 3362 delata,
2366 3301 2517 3350 una
2562 3300 2728 3350 cum
2778 3279 2939 3352 aliis
2990 3279 3420 3374 virginibus,
3470 3301 3739 3374 magna
3784 3303 3874 3350 ex

1079 3408 1284 3491 parte
1317 3396 1573 3480 Scotis,
1623 3395 1718 3468 ab
1751 3394 2048 3466 Hunnis
2078 3395 2240 3466 dira
2271 3395 2597 3468 barbarie
2630 3392 2923 3466 Christo
2956 3395 3348 3467 immolata.
3394 3393 3870 3490 Martyrolog.

1079 3513 1401 3700 0833&
1433 3639 1564 3710 est,
1597 3635 1678 3698 et.
1704 3627 1966 3698 colitur
1997 3625 2241 3696 eodem
2278 3647 2467 3697 anno
2500 3639 2778 3694 antv.
2812 3631 2887 3694 et
2920 3625 3037 3694 die
3073 3641 3253 3695 xxl.
3290 3621 3583 3696 Octobr.

1986 3855 2058 3927 S.
2112 3853 2676 3927 CHUVILDA.
2780 3857 2947 3925 285.

1075 4095 1151 4166 S.
1212 4091 1686 4172 CHUVILDA,
1745 4097 2028 4179 martyr
2087 4097 2160 4157 et
2217 4087 2427 4181 virgo
2474 4084 2708 4166 Scota,
2756 4105 2999 4154 amore
3052 4082 3192 4156 Dei
3248 4080 3648 4177 peregrina,
3700 4093 3861 4176 poet

1077 4207 1348 4280 Gallias
1415 4201 1982 4295 Germaniasque
2051 4202 2397 4272 lustratas
2460 4199 2780 4270 maxima
2856 4199 3327 4270 sanctimonia
3390 4199 3585 4289 apud
3643 4197 3863 4270 Boios

1075 4321 1424 4403 substitit,
1451 4339 1600 4390 una
1633 4339 1725 4389 ex
1757 4317 2004 4389 Sancti
2036 4315 2489 4388 Willibrordi
2520 4311 2717 4384 Scoti
2750 4313 3141 4405 discipulis.
3210 4313 3490 4387 Ferunt
3522 4335 3681 4388 eam
3716 4335 3864 4385 mo-

1073 4437 1387 4510 nasterio
1419 4431 1876 4526 praefectam,
1911 4441 1983 4503 et
2017 4429 2280 4502 Sancto
2312 4428 2686 4500 Bonifacio
2718 4427 2931 4498 Sooto
2962 4426 3511 4500 Germaniarum
3536 4430 3861 4519 apostolo

1071 4553 1542 4644 fmliarem3
1596 4556 1882 4639 tempus
1931 4553 2120 4619 certe
2167 4546 2244 4615 id
2288 4545 2585 4636 patitur,
2636 4553 2709 4614 et
2759 4542 3122 4638 hagiologi
3168 4541 3511 4614 Germani
3554 4542 3631 4612 id
3675 4563 3862 4612 aese-

1070 4679 1267 4750 runt,
1325 4688 1415 4737 ex
1472 4663 1736 4756 quibus
1792 4661 2161 4756 Wolfang.
2214 4657 2481 4732 Lanius
2532 4657 2658 4732 lib.
2717 4674 2865 4728 vn.
2930 4655 3009 4728 M
3014 4657 3347 4753 igration·
3413 4655 3630 4730 Gent.
3692 4679 3855 4753 pag.

1073 4799 1478 4856 ccxxxrx.
1581 4777 1882 4869 Scripsit
