4384 5817
1084 521 1215 588 274
1850 516 2322 588 HISTORIA
2367 515 3123 586 ECCLESIASTICA

1092 722 1250 782 trus
1302 713 1381 783 in
1428 711 1777 805 Catalogo
1826 710 1952 782 lib.
1992 727 2109 782 lx.
2142 731 2298 803 cap.
2335 727 2598 782 cxvn.
2702 709 2947 782 Trith.
2997 709 3090 780 de
3137 709 3363 782 illust.
3414 707 3574 783 Vir.
3627 705 3878 782 Ordin.

1090 827 1165 900 S.
1219 828 1591 900 Benedicti
1642 849 1797 920 cap.
1853 845 2148 900 LXXIV.
2199 836 2274 899 et
2321 827 2448 899 lib.
2503 843 2614 898 w.
2665 847 2820 918 cap.
2873 842 3234 898 cxxxlx.
3336 822 3673 897 Vincent.
3727 825 3885 896 Bel-

1086 947 1403 1018 lovacen.
1454 945 1579 1016 lib.
1634 963 1875 1016 xmv.
1936 943 2216 1036 Specul.
2282 942 2564 1016 Histor.
2625 963 2780 1034 cap.
2836 959 3048 1013 xvn.
3099 959 3348 1012 xvn1.
3401 958 3584 1012 xlx,
3685 940 3884 1013 Obiit

1088 1085 1277 1133 anno
1312 1079 1779 1132 Dchxxvl.
1820 1084 1984 1132 nam
2022 1061 2207 1130 sedit
2241 1061 2618 1153 episcopus
2664 1060 2743 1129 in
2788 1081 3056 1154 magna
3103 1059 3508 1130 sanctitatis
3557 1057 3884 1151 opinione

1086 1180 1295 1249 annis
1330 1196 1561 1249 wa.

2004 1411 2079 1483 S.
2138 1409 2696 1484 FINNANUS.
2799 1405 2970 1482 506.

1086 1643 1161 1715 S.
1215 1643 1687 1728 Emmaus,
1736 1647 1893 1716 sive
1940 1643 2331 1726 Sinnanus,
2383 1654 2512 1716 aut
2566 1645 2784 1716 etiam
2840 1640 3179 1724 Sinanus,
3237 1651 3324 1712 ut
3381 1641 3598 1712 habet
3655 1639 3879 1712 Anto-

1086 1761 1252 1830 nius
1288 1759 1725 1833 Possevinus
1771 1759 2127 1854 Apparet.
2176 1761 2373 1833 Sacr.
2423 1783 2590 1857 pag.
2627 1776 3072 1830 ccccnw.
3121 1779 3211 1828 ex
3263 1756 3714 1830 Demochare
3760 1757 3874 1829 lib.

1084 1877 1173 1945 de
1222 1873 1583 1947 Sacrificio
1646 1875 1915 1948 Missae
1968 1896 2091 1949 111.
2156 1899 2310 1968 cap.
2371 1896 2511 1949 XV.
2563 1886 2638 1947 et
2687 1897 2840 1967 cap.
2887 1893 3196 1946 xxxa.
3251 1875 3692 1966 astipulante
3739 1873 3872 1945 Ar-

1084 1991 1300 2064 noldo
1332 1991 1641 2064 Uvione.
1660 2017 1677 2037 ·
1726 1993 2112 2066 Monastici
2150 1994 2294 2066 fuit
2327 1995 2671 2075 instituti,
2707 1992 2780 2063 N
2783 1992 2982 2063 ennii
3012 1993 3354 2084 primum,
3389 2013 3561 2062 mox
3593 1989 3870 2086 Segenii

1082 2109 1363 2180 abbatis
1413 2110 1855 2202 discipulum
1926 2109 2226 2182 Huense
2275 2111 2718 2193 coenobium,
2777 2109 2974 2201 quod
3031 2117 3248 2200 caput
3297 2109 3624 2180 omnium
3671 2107 3872 2178 habe·

1082 2225 1318 2310 batur,
1368 2227 1581 2308 rexit,
1630 2239 1787 2298 tum
1822 2225 1909 2297 S.
1958 2225 2252 2298 Aidano
2297 2227 2376 2296 in
2426 2227 2840 2319 episcopatu
2889 2223 3468 2298 Lindisfarnensi
3515 2225 3870 2295 successit.

1079 2338 1129 2409 J
1130 2363 1396 2412 oannes
1450 2341 1791 2414 Leslaeus
1848 2343 1969 2414 lib.
2030 2357 2140 2414 lv,
2199 2365 2368 2438 pag.
2429 2359 2620 2414 ch.
2747 2341 2866 2413 Ea
2921 2351 3114 2412 certe
3169 2351 3404 2414 aetate
3469 2340 3784 2433 episcopi
3839 2365 3876 2411 a

1080 2456 1311 2528 Scotis
1369 2458 1911 2541 ordinabantur,
1974 2481 2057 2530 ac
2114 2459 2196 2529 in
2253 2459 2602 2555 Angliam
2661 2459 2990 2531 ecclesias
3049 2459 3316 2529 recturi
3384 2459 3868 2530 mittebantur.

1078 2572 1307 2644 Docet
1358 2585 1609 2644 auctor
1656 2573 2011 2668 Anglicus
2064 2573 2478 2646 Florentius
2531 2575 3116 2672 wigorniensis:
3167 2583 3214 2618 “
3248 2573 3424 2646 Post
3457 2576 3871 2647 occisionem

1076 2691 1271 2784 regis
1322 2689 1603 2772 Osvini,
1664 2689 1999 2760 Aidanus
2060 2691 2359 2762 antistes
2432 2709 2520 2762 11.
2593 2693 2866 2764 calend.
2939 2689 3300 2785 Septemb.
3373 2693 3468 2762 ad
3523 2693 3872 2763 coelorum

1078 2827 1303 2900 regna
1334 2807 1701 2900 migravit,
1752 2807 1958 2900 cujus
2008 2809 2325 2877 animam
2374 2829 2556 2899 puer
2605 2807 2834 2880 bonae
2881 2808 3145 2880 indolis
3197 2807 3644 2880 cuthbertus
3695 2809 3872 2878 vidit

1078 2923 1157 2992 in
1204 2925 1477 2994 coelum
1529 2922 1701 2993 ferri
1756 2921 1848 2993 ab
1896 2925 2192 3017 angelis,
2249 2947 2394 3016 quo
2443 2924 2786 2996 defuncto
2836 2923 3163 2996 Finanus
3211 2947 3346 3017 pro
3396 2925 3524 2996 illo
3569 2926 3868 3019 gradum

1074 3040 1549 3132 episcopatus,
1599 3063 1644 3108 a
1684 3039 1915 3110 Scotis
1961 3040 2339 3112 ordinatus
2389 3065 2472 3113 ac
2517 3043 2803 3125 missuS,
2855 3042 3196 3134 accepit.”
3299 3040 3577 3113 Eadem
3628 3043 3870 3115 verba-

1076 3157 1209 3226 tim
1246 3166 1415 3227 ante
1446 3158 1654 3227 illum
1705 3156 1928 3240 Beda,
1981 3158 2106 3250 qui
2158 3159 2456 3251 insuper
2507 3159 2732 3243 addit,
2790 3169 2836 3201 “
2870 3159 2962 3231 In
3011 3159 3252 3230 insula
3302 3157 3870 3231 Lindisfarnensi

1078 3271 1249 3343 fecit
1299 3273 1663 3342 ecclesiam
1716 3273 2099 3366 episcopali
2150 3275 2300 3344 sedi
2352 3296 2768 3371 congruam,
2819 3298 3040 3369 quam
3089 3285 3334 3346 tamen
3381 3297 3584 3347 more
3633 3273 3870 3348 Scoto-

1074 3409 1263 3472 rum,
1296 3410 1444 3458 non
1476 3390 1565 3458 de
1598 3390 1855 3481 lapide,
1890 3391 2013 3461 sed
2049 3391 2137 3462 de
2169 3390 2427 3463 robore
2459 3401 2652 3462 secto
2687 3400 2914 3462 totam
2949 3391 3372 3483 composuit,
3407 3400 3627 3484 atque
3659 3415 3870 3464 arun·

1076 3507 1243 3576 dine
1304 3505 1511 3588 texit,
1560 3527 1779 3598 quam
1838 3516 2159 3598 tempore
2209 3509 2538 3598 sequenti
2597 3507 3236 3579 reverendissimus
3295 3507 3867 3602 archiepiscopus

1072 3623 1153 3693 in
1186 3623 1529 3693 honorem
1565 3621 1655 3693 B.
1693 3622 1895 3694 Petri
1930 3623 2238 3715 apostoli
2273 3623 2674 3696 dedicavit:
2709 3625 2829 3694 sed
2869 3624 3242 3716 episcopus
3277 3624 3416 3695 loci
3450 3624 3648 3696 illius
3681 3623 3870 3696 Ead-

1074 3739 1343 3820 bertus,
1380 3739 1619 3810 ablata
1650 3741 2025 3823 arundine,
2052 3739 2332 3831 plumbi
2367 3740 2655 3812 laminis
2689 3761 2846 3810 eam
2881 3749 3134 3823 totam,
3169 3737 3305 3812 hoc
3339 3750 3472 3825 est,
3503 3749 3774 3812 tectum
3799 3751 3868 3812 et

1070 3857 1265 3948 ipsos
1306 3878 1591 3948 quoque
1642 3857 1949 3946 parietes
2000 3857 2179 3950 ejuS,
2233 3856 2582 3948 cooperiri
2631 3856 2979 3927 curavit.”
3081 3855 3296 3928 Acris
3347 3859 3414 3927 ei
3463 3867 3538 3928 et
3587 3858 3868 3928 diutina

1072 3974 1436 4043 contentio
1486 3995 1651 4042 cum
1700 3975 2037 4065 quodam,
2090 3972 2422 4042 Romano
2481 3973 2792 4055 nomine,
2851 3974 2940 4043 de
2999 3996 3144 4066 quo
3200 3971 3396 4043 infra
3445 3973 3582 4043 hoc
3633 3996 3865 4064 opere.

1072 4086 1539 4159 Sanctissima
1588 4089 1817 4180 ipsius
1876 4089 1964 4161 ad
2024 4088 2579 4190 Ferquhardum
2630 4111 2872 4184 regem
2930 4091 3205 4161 monita
3251 4089 3472 4160 habes
3523 4091 3718 4180 apud
3769 4089 3866 4161 H.

1070 4203 1459 4274 Boethium
1508 4205 1635 4275 lib.
1674 4221 1789 4275 lx.
1844 4203 2125 4275 Histor.
2178 4202 2373 4274 Scot.
2423 4228 2588 4300 pag.
2640 4223 3022 4277 chxvu.
3127 4203 3490 4276 Henricus
3547 4205 3868 4278 Huntin-

1069 4321 1431 4391 doniensis
1476 4322 1599 4392 lib.
1642 4338 1765 4392 111.
1808 4345 1975 4416 pag.
2012 4338 2234 4391 exel.
2337 4321 2716 4414 Reliquiae
2763 4322 2994 4412 ipsius
3045 4331 3119 4392 et
3171 4321 3558 4392 memoriae
3605 4345 3868 4418 magna

1068 4437 1497 4509 solennitate
1530 4437 2196 4530 frequentabantur,
2229 4437 2654 4530 priusquam
2697 4438 3056 4509 haeretica
3102 4436 3340 4509 rabies
3385 4447 3678 4528 patrum
3725 4462 3868 4510 me-

1068 4555 1298 4625 moria
1333 4552 1823 4626 Christianam
1858 4556 2197 4646 pietatem
2241 4577 2282 4624 e
2325 4576 2550 4649 regno
2593 4555 2718 4625 illo
2763 4555 3223 4626 eliminasset.
3329 4553 3577 4648 Hujus
3625 4563 3866 4624 tamen

1066 4673 1268 4742 nulla
1300 4673 1377 4742 in
1414 4671 1941 4765 Martyrologio
1973 4669 2306 4741 Romano
2338 4672 2634 4742 mentio.
2733 4668 3038 4764 Scripsit

1368 4789 1515 4860 Pro
1551 4789 1773 4861 veteri
1810 4785 2183 4859 Paschatis
2219 4784 2402 4858 Ritu
2951 4787 3074 4859 lib.
3115 4804 3168 4859 1.
