4384 5817
1034 536 1121 599 20
1798 532 2268 603 HISTORIA
2311 534 3062 607 ECCLESIASTICA

1336 722 1612 796 Contra
1643 722 2102 817 Paganorum
2136 720 2698 815 Superstitiones
3013 724 3140 799 lib.
3177 744 3230 798 1.

1332 838 1841 911 Ordinationes
1874 834 2238 909 Ecclesiae
2271 836 2690 914 Sodorensis
3017 842 3144 915 lib.
3183 860 3236 914 ι.

1336 952 1725 1025 Conciones
3013 956 3140 1029 lib.
3177 974 3232 1029 1.

1134 1068 1346 1141 Vixit
1376 1068 1565 1139 circa
1594 1086 1865 1139 annum
1899 1084 2262 1139 cccxxv.

1968 1297 2043 1371 S.
2094 1297 2650 1375 ADRIANUS.
2747 1306 2866 1379 17.

1032 1529 1107 1601 S.
1140 1528 1609 1612 ADBIANUS,
1642 1528 2017 1601 Scotorum
2047 1530 2408 1602 maximus
2449 1532 2846 1625 episcopus,
2889 1533 3076 1603 iram
3107 1530 3484 1605 Danomm
3515 1532 3821 1608 declina-

1032 1655 1263 1730 turus,
1312 1666 1478 1716 cum
1522 1644 1771 1715 multis
1814 1645 1955 1737 piis
1988 1644 2274 1741 fugiens
2307 1646 2386 1717 in
2417 1646 2728 1717 insulam
2763 1648 3059 1730 Maiam,
3105 1668 3290 1739 quae
3335 1646 3416 1717 in
3461 1649 3822 1720 aestuario

1034 1758 1349 1832 Forthae
1380 1760 1618 1851 posita
1648 1757 2097 1831 Laudoniam
2130 1760 2323 1844 hinc,
2357 1761 2524 1831 inde
2557 1759 2800 1833 Fifam
2833 1762 3218 1853 despectat,
3269 1762 3582 1845 secessit,
3631 1782 3821 1835 mar-

1028 1875 1367 1967 tyrioque
1386 1875 1683 1947 affectus
1702 1882 1835 1945 est.
1896 1872 2039 1945 Sed
2062 1874 2282 1946 verba
2308 1874 2518 1947 Hect.
2549 1874 2808 1949 Boeth.
2835 1899 2928 1949 ex
2953 1876 3080 1949 lib.
3109 1894 3192 1947 x.
3221 1874 3421 1949 Hist.
3448 1875 3634 1948 Scot.
3655 1898 3819 1973 pag.

1030 2006 1245 2063 (ξονι.
1268 1990 1681 2062 audiantur.
1718 1998 1765 2032 ‘⁸
1787 1987 1939 2061 Sub
1958 1988 2035 2059 id
2060 1996 2344 2083 tempus
2365 1989 2508 2061 illis
2529 1992 2606 2061 in
2632 1990 3046 2086 regionibus
3070 1992 3326 2086 ingens
3351 2000 3510 2064 erat
3531 1993 3820 2084 piorum

1026 2126 1369 2177 numerus
1418 2104 1911 2177 Christianum
1958 2106 2224 2199 dogma
2263 2106 2582 2197 undique
2625 2106 3204 2197 propalantium3
3265 2104 3401 2177 hos
3451 2116 3824 2198 persemta

1026 2218 1401 2291 Danorum
1434 2220 1765 2311 impietas
1796 2240 2024 2311 quum
2058 2221 2290 2291 multa
2319 2219 2668 2291 affecisset
2699 2228 2964 2315 strage,
2993 2219 3230 2314 major
3251 2220 3538 2312 piorum
3571 2242 3822 2293 eorum

1022 2356 1193 2428 pars
1228 2356 1393 2405 cum
1423 2332 1773 2417 Adriano,
1806 2331 2182 2407 Scotorum
2219 2342 2376 2405 tum
2415 2336 2746 2427 episcopo
2791 2336 3132 2420 maximo,
3181 2336 3262 2407 in
3307 2334 3582 2409 Maiam
3621 2339 3822 2409 insu·

1024 2452 1193 2533 lam,
1228 2449 1353 2521 ubi
1388 2457 1546 2521 tum
1578 2449 1861 2545 insigne
1892 2457 2048 2520 erat
2082 2447 2592 2521 monachorum
2625 2449 3070 2533 coenobium,
3113 2460 3202 2523 ut
3233 2452 3510 2523 instans
3543 2453 3820 2543 pericu-

1024 2567 1177 2636 lum
1202 2564 1611 2647 declinaret,
1636 2562 2001 2659 fugiebat:
2036 2563 2330 2656 quidam
2357 2572 2620 2648 autem,
2645 2564 2814 2635 licet
2839 2566 3074 2656 pauci,
3099 2566 3424 2637 cavernis
3449 2566 3819 2659 antrisque

1026 2680 1414 2762 latitantes,
1455 2700 1667 2771 parce
1706 2688 1783 2750 et
1824 2680 2103 2751 duriter
2142 2686 2628 2751 sustentantes
2671 2681 2900 2751 vitam
2931 2680 3328 2753 evadebant
3359 2681 3812 2753 occidionem.

1024 2793 1165 2867 Sed
1197 2795 1445 2866 Danos
1476 2816 1608 2865 nec
1638 2796 2041 2865 reverentia
2070 2796 2210 2867 loci
2251 2815 2382 2865 nec
2429 2794 2754 2866 virorum
2801 2796 3208 2867 innocentia
3256 2796 3583 2880 retinuit,
3635 2796 3815 2889 quin

1025 2910 1553 2981 sanctissimum
1604 2930 1771 2981 eum
1821 2917 2126 2994 coetum,
2177 2908 2516 2981 coenobio
2563 2910 2874 2993 incenso,
2925 2911 3270 2983 inauditis
3305 2910 3674 3002 suppliciis
3705 2912 3816 2983 in-

1024 3026 1463 3096 terimerent.
1568 3023 1769 3097 Haec
1794 3032 1905 3097 est
1930 3025 2334 3096 veneranda
2357 3034 2761 3116 martyrum
2795 3023 3070 3107 cohors,
3106 3048 3324 3118 quam
3357 3034 3606 3096 nostra
3637 3036 3816 3097 tem-

1022 3149 1298 3234 pestate
1330 3140 1409 3210 in
1442 3140 1643 3211 Maia
1676 3141 1914 3211 insula
1945 3138 2222 3236 Anglia
2251 3150 2326 3212 et
2367 3138 2607 3211 Scotia
2647 3162 2930 3211 summa
2972 3142 3376 3212 reverentia
3419 3138 3810 3212 fidelissimi

1021 3256 1291 3347 quique
1340 3264 1921 3347 prosequuntur:
1971 3256 2206 3327 locum
2255 3255 2632 3327 hominum
2681 3254 3086 3347 frequentia
3131 3276 3217 3327 eo
3275 3252 3810 3339 confluentium,

1022 3369 1287 3443 additis
1312 3369 1451 3442 Dei
1478 3369 1921 3465 benignitate
1944 3370 2022 3441 in
2046 3370 2200 3441 dies
2224 3369 2554 3462 pluribus
2579 3370 2966 3451 miraculis,
2992 3370 3477 3441 venerandum
3499 3370 3810 3441 reddidit

1020 3498 1239 3580 atque
1268 3488 1649 3580 insigne--
1702 3484 2105 3577 Supersunt
2136 3494 2382 3557 tantae
2414 3484 2904 3556 multitudinis
2934 3486 3240 3575 paucula
3273 3483 3450 3556 haec
3473 3484 3808 3557 nominat

1017 3602 1385 3675 Adrianus
1420 3599 1867 3672 venerandus
1900 3600 2225 3684 antistes,
2263 3597 2682 3682 Glodianus,
2733 3598 2980 3683 Gaius,
3031 3608 3118 3670 ut
3167 3600 3290 3671 alii
3337 3600 3610 3683 dicunt,
3646 3600 3808 3673 Mo-

1020 3738 1250 3789 nanus
1284 3715 1529 3787 Sancti
1561 3713 1897 3786 Andreae
1922 3714 2486 3795 archidiaconum
2510 3712 2984 3785 Stolbrandns
3010 3715 3405 3808 episcopus.
3481 3714 3804 3799 Caetera,

1016 3854 1163 3925 qua
1192 3831 1471 3903 ratione
1501 3830 1699 3903 haud
1730 3830 1997 3923 liquide
2029 3838 2334 3912 constat,
2373 3829 2466 3899 ad
2513 3838 2838 3901 nostram
2885 3852 3032 3901 non
3080 3838 3564 3921 pervenerunt
3611 3840 3804 3903 aeta·

1018 3958 1187 4020 tem.
1288 3946 1365 4017 N
1364 3968 1461 4017 on
1505 3946 1768 4018 desunt
1813 3947 1941 4039 qui
1990 3944 2308 4017 scribant
2353 3944 2839 4015 sanctissimos
2889 3943 3164 4017 Christi
3199 3953 3552 4037 martyres
3589 3942 3804 4017 Hun-

1016 4084 1229 4159 garos
1264 4060 1484 4133 fuisse
1515 4082 1797 4157 genere,
1830 4060 1908 4132 in
1942 4058 2256 4131 Scotiam
2289 4056 2770 4133 Ethnicorum
2805 4058 3187 4142 feritatem,
3221 4082 3406 4153 quae
3445 4058 3582 4131 sub
3613 4062 3803 4132 idem

1014 4187 1300 4269 tempus
1350 4179 1431 4249 in
1488 4174 1877 4247 Germania
1920 4173 2508 4257 debacchabatur,
2557 4172 2938 4269 fugientes,
2987 4175 3382 4246 servandae
3427 4174 3798 4270 religionis

1016 4314 1251 4375 causa,
1283 4292 1697 4386 trajecisse3
1748 4289 1873 4359 alii
1905 4310 1998 4360 ex
2028 4287 2262 4359 Scotis
2293 4286 2698 4383 Anglisque
2729 4285 3054 4379 greg-arie
3089 4286 3458 4357 collectos:
3509 4286 3634 4357 sed
3667 4306 3800 4357 un·

1014 4409 1383 4499 decunque
1414 4405 1711 4487 fuerint,
1742 4403 2254 4475 consuetudine
2285 4402 2535 4475 Scotos
2565 4399 2810 4481 fuisse,
2836 4421 3084 4471 veram
3116 4400 3440 4473 docuisse
3471 4411 3546 4472 et
3579 4400 3800 4472 verbo

1012 4532 1087 4595 et
1114 4544 1327 4616 opere
1356 4523 1719 4613 pietatem,
1762 4526 2171 4589 constanter
2219 4518 2506 4589 tandem
2553 4538 2688 4608 pro
2737 4514 3008 4587 Christi
3043 4516 3334 4585 nomine
3363 4515 3798 4608 martyrium

1012 4658 1279 4730 passos,
1336 4638 1599 4709 relatos
1655 4637 1737 4705 in
1790 4634 2123 4704 divorum
2176 4652 2582 4714 numerum,
2641 4628 3120 4723 beneficiaque
3175 4631 3294 4722 pie
3339 4629 3796 4721 poscentibus

1012 4762 1375 4846 praestare
1396 4750 1741 4847 quotidie,
1766 4748 1971 4831 nulli,
1994 4746 2123 4841 qui
2148 4768 2306 4819 eam
2329 4747 2692 4841 regionem
2719 4745 2948 4827 novit,
2971 4754 3210 4837 potest
3229 4766 3384 4817 esse
3399 4745 3796 4839 ignotum-’³
