4384 5817
1016 492 1061 553 4
1794 488 2266 561 HISTORIA
2311 488 3064 561 ECCLESIASTICA

1022 679 1241 777 Ligu.
1276 678 1432 753 Vit.
1466 700 1621 775 cap.
1656 696 1967 753 xxxlx.
1998 680 2198 775 quod
2225 702 2426 755 more
2457 688 2700 755 votare
2731 680 3042 755 decimas
3073 680 3422 779 exigeret,
3454 705 3502 755 a
3531 682 3820 759 furente

1022 796 1229 891 plebe
1276 795 1475 868 domi
1522 796 2099 890 comprehensus,
2144 818 2234 869 ac
2279 795 2362 868 in
2401 798 2700 889 propria
2743 797 2988 871 culina
3027 804 3354 871 exuam
3451 796 3596 871 Sed
3637 802 3824 875 hanc

1021 912 1547 985 immanitatem
1600 910 2019 1013 4lexander
2073 909 2177 985 11.
2235 934 2370 985 rex
2423 912 2642 1009 digne
2706 912 3104 987 vindicavit
3169 929 3400 987 cece.
3465 916 3821 1009 supplicio

1020 1028 1317 1113 affectis,
1372 1026 1541 1099 filiis
1598 1050 1849 1101 eorum
1902 1026 2352 1101 memorabili
2407 1028 2702 1123 pietatis
2757 1032 3086 1123 exemplo
3155 1032 3484 1115 exsectis,
3555 1032 3818 1104 comite

1018 1143 1359 1240 regionis,
1410 1144 1609 1237 quod
1662 1143 2023 1219 laboranti
2076 1166 2229 1217 non
2279 1144 2736 1231 succurrerit,
2785 1144 3188 1219 nobilitatis
3221 1146 3470 1243 gradu
3520 1146 3818 1243 dejecto.

1020 1260 1263 1345 Quare
1306 1258 1757 1333 Coelestinus
1790 1258 1927 1333 IV.
1971 1256 2302 1355 pontifex
2343 1281 2476 1353 per
2517 1258 2896 1355 epistolam
2935 1260 3211 1357 gratim
3255 1260 3432 1357 egit,
3473 1262 3670 1355 quod
3711 1284 3824 1333 ec-

1020 1375 1491 1449 clesiasticam
1520 1375 1953 1471 dignitatem
1984 1382 2137 1449 tam
2180 1376 2468 1473 egregie
2509 1384 3058 1471 propugnasset,
3099 1376 3324 1449 misso
3365 1374 3680 1473 Aeg-idio
3719 1380 3820 1449 le-

1020 1500 1217 1588 gato.
1282 1490 1560 1565 Anton.
1594 1489 2073 1567 Dauroultius
2102 1514 2264 1585 par.
2298 1510 2355 1563 1.
2391 1489 2589 1564 Flor.
2615 1488 2952 1587 Exempl.
2977 1514 3134 1588 cap.
3161 1508 3272 1567 Π.
3297 1490 3417 1567 tit.
3441 1508 3622 1567 ΣΠ.
3647 1502 3818 1565 sect.

1026 1626 1148 1681 ix.
1176 1605 1393 1681 Joan.
1428 1606 1675 1703 Major
1703 1606 1831 1679 lib.
1866 1624 1981 1680 ιν.
2080 1606 2390 1701 Scripsit

1320 1722 1727 1797 Historiam
1758 1721 2041 1797 Scotiae
2802 1724 2928 1799 lib.
2967 1742 3092 1798 ιιι.

1316 1838 1687 1936 Epistulas
1718 1840 1815 1913 ad
1844 1839 2123 1939 Regem
2152 1846 2408 1913 contra
2437 1836 2794 1914 Comitem

1416 1956 1507 2027 de
1538 1954 1897 2029 Cathenes
2806 1954 2932 2029 lib.
2971 1972 3026 2029 1.

1314 2069 1687 2165 Epistola·
1718 2073 1815 2143 ad
1832 2069 2346 2145 'Alexandrum
2379 2070 2658 2166 Papam
2803 2070 2944 2145 lib.'
2971 2088 3027 2145 1.

1316 2186 1685 2281 Excerpta
1714 2186 1999 2261 Biblica
2803 2186 2932 2259 lib.
2967 2202 3024 2259 1.

1322 2302 1741 2377 Insulamm
1770 2302 2310 2399 Descriptiones
2801 2302 2930 2375 lib.
2967 2320 3025 2376 1.
3107 2353 3112 2361 -

1120 2422 1551 2496 Exstinctus
1606 2430 1719 2493 est
1774 2442 1966 2493 anno
2026 2435 2340 2492 mecm.
2390 2418 2510 2491 vel
2562 2434 2954 2491 mccxxn.
3004 2414 3254 2495 Uvion
3299 2420 3456 2493 loco
3501 2422 3816 2500 laudato.

1018 2540 1306 2613 Colitur
1336 2546 1652 2611 sanctus.
1708 2534 2155 2608 Scotichron.
2189 2534 2316 2608 lib.
2354 2552 2472 2609 lx.
2505 2556 2662 2629 cap.
2697 2550 3072 2609 xxxvm.
3124 2532 3394 2610 Passus
3425 2546 3538 2611 est
3565 2536 3820 2613 Domi-

1017 2654 1593 2729 nicainfraoct.
1634 2660 1788 2726 nat.
1824 2650 1917 2723 Β.
1952 2649 2255 2723 Mariae.
2305 2649 2556 2723 Simile
2597 2648 2924 2724 referunt
2963 2650 3056 2723 de
3095 2649 3818 2729 anenima'rho-

1010 2794 1140 2847 ,ma
1216 2769 1643 2865 Capivaccio
1714 2766 2067 2861 martyrio
2136 2766 2446 2853 sublato,
2529 2764 2670 2841 snb
2745 2788 3021 2840 annum
3106 2781 3468 2841 ucxux.
3591 2766 3814 2845 Bcrn.

1022 2886 1403 2961 Scardeon.
1446 2884 1573 2959 lib.
1618 2901 1809 2959 1111.
1850 2885 2058 2957 class.
2100 2900 2228 2957 111.
2273 2891 2350 2957 et
2391 2904 2484 2957 ex
2525 2904 2614 2957 eo
2655 2880 2932 2957 Melan.
2973 2882 3070 2957 ad
3107 2880 3377 2957 Usnar.
3417 2884 3538 2959 die
3577 2902 3814 2959 xxvr.

1019 3002 1373 3077 Novemb.
2174 3114 2181 3120 ι

1930 3233 2005 3306 S.
2056 3232 2738 3309 ADAMANNUS.
2840 3240 2914 3309 3.

1023 3479 1069 3513 “
1102 3467 1179 3542 S.
1210 3466 1767 3541 Alamannus
1800 3466 2171 3553 coludius,
2208 3466 2622 3541 divinarum
2653 3466 3032 3541 literarum
3063 3465 3634 3554 callentissimus,
3683 3492 3816 3543 nec

1020 3586 1491 3660 saecularium
1526 3584 1848 3680 ignarus,
1890 3584 2045 3655 vita
2086 3604 2171 3655 ac
2211 3584 2749 3657 conversatione
2790 3584 3260 3677 praeclarus,”
3303 3584 3409 3657 ait
3451 3582 3812 3659 'I'ritbem-

1020 3702 1471 3776 Bibliotheca
1530 3698 1907 3774 Minorum
1963 3698 2274 3773 Pati-um
2327 3698 2409 3770 in
2479 3698 2840 3773 Chronico
2913 3696 3436 3773 chronieorum
3507 3697 3562 3771 J
3559 3704 3814 3775 oannis

1022 3818 1377 3893 Gualterii
1408 3838 1574 3914 pag.
1610 3816 2116 3889 'Dccccxcnn
2152 3823 2204 3859 ‘⁶
2223 3810 2700 3889 Adamannus
2733 3812 3082 3888 Colutlius
3115 3802 3395 3901 scotus,
3419 3816 3811 3891 monachus

1020 3934 1297 4011 ordinis
1350 3932 1743 4025 apostolici.
1742 3933 1784 3963 ”
1858 3954 1863 3959 ·
1907 3926 2488 4027 Cognomentum
2559 3930 2630 4003 ei
2701 3930 3072 4014 Coludius,
3149 3929 3243 4003 ab
3297 3931 3478 4005 urbe
3533 3928 3814 4005 ScotIae

1020 4054 1101 4125 in
1158 4048 1491 4131 Macati&
1548 4068 1679 4121 seu
1732 4046 2083 4131 Mei-chia,
2149 4045 2566 4119 Ptolomaeo
2638 4043 2932 4132 Colana,
3007 4044 3250 4120 Bedae
3324 4046 3664 4133 coldum,
3739 4058 3814 4121 et

1024 4167 1308 4250 coludi,
1338 4164 1552 4237 hodie
1582 4184 1757 4237 vero
1788 4172 1901 4237 est
1938 4160 2482 4258 Coldinghame,
2535 4173 2610 4237 et
2648 4184 2798 4236 non
2835 4164 2994 4237 sine
3031 4162 3436 4237 sanctitatis
3476 4163 3813 4257 opinione

1022 4286 1421 4360 multorum
1458 4280 1973 4355 monachorum
2016 4286 2247 4371 pater.
2346 4277 2423 4361 S,
2475 4276 2752 4353 Kiliani
2799 4278 3256 4375 discipulum,
3305 4288 3380 4353 et
3425 4279 3508 4352 in
3555 4278 3812 4353 Gallim

1026 4400 1367 4477 claruisse
1417 4397 1622 4471 docet
1669 4396 2110 4495 Sigebertus.
2209 4393 2430 4467 Anno
2475 4412 2780 4469 mxcv·
2827 4396 3404 4493 peregrinatione
3449 4396 3810 4479 instituta,

1024 4524 1449 4612 tempestate
1522 4514 1603 4585 in
1668 4512 2051 4585 Franciam
2116 4521 2226 4585 est
2285 4510 2587 4599 delatus,
2657 4510 2788 4585 nbi
2855 4532 3022 4583 cum
3091 4506 3482 4605 Arnulpho
3543 4510 3811 4605 episco-

1024 4658 1121 4731 po
1176 4630 1741 4705 familiaritatem
1798 4623 2199 4703 contraxit:
2277 4628 2359 4701 in
2413 4624 2722 4701 Terram
2787 4626 3126 4702 Sanctam
3183 4626 3386 4711 abiit,
3451 4626 3812 4700 inversus-

1026 4776 1167 4849 que
1218 4748 1539 4822 Huensis
1586 4748 1666 4820 in
1712 4745 1987 4844 Anglia
2034 4745 2358 4819 coenobii
2405 4742 2646 4831 abbas,
2695 4745 2792 4818 ad
2837 4742 3250 4818 Aelfridum
3294 4750 3538 4818 orator
3575 4742 3840 4835 desig--
