4384 5817
1285 603 1644 674 GENTIS
1689 603 2255 685 SCOTORUM‚
2304 603 2489 674 LIB.
2538 604 2659 673 lv.
3246 607 3373 670 201

565 797 818 870 Scotos
851 819 938 869 eo
971 812 1268 868 munere
1304 795 1660 868 functum.
1761 795 1954 891 Ejus
1989 805 2207 870 sunt:

856 913 1234 1006 Epistolae
1269 929 1362 984 11.
1395 913 1490 984 ad
1523 909 1980 985 Machorium
2942 913 3069 984 lib.
3106 932 3161 984 1.

857 1029 972 1102 De
1004 1028 1496 1120 componendo
1529 1027 1768 1123 Regni
1803 1025 2038 1113 Statu,
2073 1031 2164 1101 ad
2200 1026 2565 1100 Achaiam
2600 1027 2900 1122 Regem,
2946 1029 3072 1101 lib.
3111 1049 3163 1100 1.
3254 1027 3375 1100 Ea

953 1143 1148 1216 enim
1183 1151 1418 1215 aetate
1449 1145 1748 1216 lethales
1781 1145 1974 1216 inter
2015 1147 2399 1238 optimates
2444 1144 2877 1216 fovebantur
2920 1145 3367 1226 inimicitiae,

955 1262 1084 1332 vix
1115 1279 1440 1352 unquam
1473 1261 1762 1334 sedatae
1793 1261 1976 1333 citra
1999 1263 2417 1332 alterutrius
2442 1260 2759 1331 familiae
2784 1260 3365 1331 internecionem.

655 1377 864 1450 Vixit
891 1376 1029 1449 sub
1051 1373 1432 1447 Soluathio
1457 1385 1532 1449 et
1553 1375 1858 1460 Achaio,
1895 1375 2176 1448 Scotiae
2200 1377 2513 1472 regibus,
2541 1395 2731 1447 anno
2760 1392 3366 1476 Dcchxxxvn.

557 1494 842 1566 Colitur
875 1495 994 1566 die
1027 1509 1220 1563 XIII.
1253 1489 1712 1565 Novembris.
1810 1488 2080 1564 Adami
2113 1491 2332 1587 Regii
2366 1491 2742 1564 calendar.
2790 1501 2863 1563 et
2897 1490 3367 1562 Colleetiones

563 1609 824 1682 Bruni.
927 1607 1313 1701 Templum
1347 1608 1412 1678 ei
1441 1609 1524 1680 in
1557 1629 1748 1704 pago
1780 1605 2100 1681 Banchri
2133 1609 2229 1680 ad
2260 1607 2480 1680 Diam
2514 1629 2737 1701 supra
2769 1605 3281 1678 Aberdoniam.

1547 1839 1623 1911 S.
1676 1835 2100 1911 DIMAUS.
2202 1836 2372 1911 365.

554 2075 628 2146 S.
665 2074 1026 2158 Dnnms,
1062 2073 1136 2146 S.
1173 2071 1450 2168 Sigenii
1483 2070 1903 2165 discipulus,
1935 2093 2127 2144 unus
2161 2095 2255 2142 ex
2287 2073 2432 2143 illis
2484 2072 2835 2165 episeopis
2869 2071 3101 2143 Scotis
3152 2072 3368 2143 habe-

554 2203 699 2275 tur,
753 2192 882 2283 qui
939 2213 1072 2283 per
1119 2198 1359 2262 totum
1407 2210 1713 2284 regnum
1765 2189 1948 2259 nulli
1999 2195 2233 2258 certae
2286 2189 2621 2259 ecclesiae
2678 2189 2957 2284 alligati
3012 2189 3363 2281 populum

552 2308 1082 2400 praedicatione
1115 2305 1614 2386 erudiverunt,
1661 2312 1736 2374 et
1785 2309 2071 2374 morum
2121 2303 2505 2376 sanctitate
2550 2305 2641 2373 ad
2694 2305 3045 2374 virtutem
3093 2311 3365 2375 attrax-

551 2432 790 2494 erunt.
888 2421 1028 2493 Vir
1069 2420 1396 2492 moribus
1429 2418 2113 2502 continentissimus,
2165 2426 2240 2489 et
2292 2419 2719 2509 apostolieae
2765 2419 3360 2492 mansuetudinis.

559 2537 659 2609 H.
695 2537 958 2610 Boeth.
993 2537 1119 2608 lib.
1161 2553 1278 2605 1x.
1313 2557 1480 2629 pag.
1518 2551 1868 2605 chxvl.
1967 2531 2160 2630 Ejus
2196 2543 2414 2604 sunt:

851 2651 1228 2746 Epistolae
1257 2651 1352 2722 ad
1385 2647 1757 2722 Hilarium
1789 2649 1865 2721 S.
1901 2649 2275 2722 Romanae
2300 2647 2507 2722 Sedis
2541 2648 2916 2722 Vicarium
2949 2650 3075 2722 lib.
3112 2669 3167 2722 1.

851 2767 1225 2861 Epistulae
1261 2767 1353 2838 ad
1384 2765 1436 2836 J
1435 2787 1742 2839 oannem
1779 2755 2287 2838 Primieeriux'n
2949 2766 3074 2838 lib.
3113 2785 3166 2838 1.

855 2882 1230 2980 Epistolae
1264 2883 1356 2954 ad
1389 2880 1441 2951 J
1441 2904 1748 2954 oannem
1781 2882 1855 2955 S.
1893 2881 2098 2954 Sedis
2129 2881 2645 2955 consiliarium
2949 2884 3075 2955 lib.
3114 2903 3167 2954 1.

653 3001 940 3073 Floruit
973 3021 1163 3071 anno
1197 3011 1542 3070 DCLXIV.
1602 2995 1815 3071 Joan.
1852 2997 2192 3070 Leslaeus
2228 2998 2353 3069 lib.
2392 3014 2509 3071 IV.
2545 3022 2709 3095 pag.
2748 3015 2973 3070 cmx.
3042 2998 3169 3070 SS.
3206 3001 3366 3071 albo

553 3119 932 3210 ascriptus.
1027 3114 1274 3187 Uvion
1331 3115 1457 3186 lib.
1520 3132 1644 3187 111.
1703 3137 1871 3210 pag.
1932 3131 2316 3186 ccecxw.
2424 3113 2711 3188 Colitur
2770 3135 2941 3187 xvn
3008 3113 3085 3184 N
3084 3116 3361 3187 ovemb.

553 3233 1014 3306 Breviarium
1067 3228 1450 3302 Scoticum.
1564 3229 1944 3323 Reliquiae
1999 3231 2093 3302 ad
2137 3233 2371 3300 lacum
2418 3228 2708 3302 Levinii
2760 3234 3151 3302 translatae
3213 3249 3362 3313 ux.

551 3349 898 3448 Augusti.

1501 3578 1578 3650 s.
1629 3577 2139 3651 DONATUS.
2244 3579 2414 3653 366.

555 3825 602 3857 “
649 3813 723 3884 S.
783 3813 1210 3896 DONATUS,
1270 3809 1670 3882 Fesulanae
1731 3810 2063 3882 ecclesiae
2119 3811 2561 3904 episcopus?
2629 3811 2735 3883 ait
2794 3810 3229 3882 Anastasius
3286 3815 3363 3884 in

554 3931 806 4026 Sergio
861 3928 962 4001 II.
1029 3949 1198 4026 pag.
1266 3943 1532 4000 eccm.
1601 3925 1730 3997 diu
1797 3928 2295 4022 peregrinatus
2353 3929 2697 4019 pietatem
2756 3937 2829 4000 et
2886 3929 3111 3999 bonas
3170 3943 3362 4000 artes

553 4047 868 4118 discendi
903 4046 1168 4129 studio,
1201 4043 1494 4117 tandem
1529 4039 1958 4112 Hetruriam
1997 4042 2138 4115 sibi
2183 4045 2425 4115 sedem
2473 4045 2710 4140 elegit,
2763 4044 3167 4116 eremiticae
3198 4064 3367 4137 pro-

551 4161 904 4245 fessionis,
937 4181 1159 4254 quam
1205 4160 1344 4234 sibi
1388 4167 1881 4251 proposuerat,
1915 4157 2359 4232 domicilium
2390 4159 2747 4243 futurum,
2794 4161 2922 4231 sed
2966 4159 3093 4231 diu
3138 4161 3361 4233 latere

548 4299 694 4349 non
728 4277 1020 4370 potuit3
1074 4283 1440 4350 extractus
1473 4274 1666 4345 enim
1701 4295 1746 4344 a
1777 4275 2172 4346 monastica
2204 4277 2467 4368 quiete,
2500 4275 2786 4368 publico
2821 4275 3221 4349 Fesulanae
3252 4299 3362 4350 ec-

551 4393 804 4464 clesiae
836 4393 1176 4488 regimini
1207 4391 1566 4464 admotus.
1690 4387 1884 4460 Nam
1919 4411 2082 4462 cum
2115 4388 2415 4462 Andrea
2446 4391 2705 4463 comite
2738 4389 2975 4462 Roma
3008 4393 3359 4474 rediisset,

553 4509 1024 4613 deprehendit
1089 4509 1360 4579 clerum
1441 4505 1882 4576 Fesulanum
1971 4507 2251 4602 ingenti
2332 4507 2575 4580 dolore
2658 4515 3196 4580 consternatum
3268 4510 3362 4580 ob

517 4635 849 4699 ·mortem
921 4626 1295 4721 praesulis,
1364 4627 1493 4719 qui
1562 4626 1794 4716 pridie
1860 4632 2281 4706 excesserat,
2366 4622 2869 4715 solicitumque
2952 4625 3358 4695 reddiderat

543 4744 632 4815 de
665 4765 1066 4815 successore
1097 4741 1566 4838 designando.
1669 4738 1809 4811 Sed
1843 4748 1929 4811 ut
1960 4738 2293 4812 Donatus
2340 4739 2692 4830 templum
2734 4741 3125 4835 ingressus,
3171 4761 3360 4810 cam-

551 4880 778 4950 panae
831 4881 1080 4931 omnes
1137 4865 1396 4951 sponte
1445 4869 1866 4942 sonuerunt,
1919 4855 2309 4948 lampades,
2362 4857 2563 4928 nullo
2610 4857 2855 4951 ignem
2912 4858 3359 4940 admovente,
