4384 5817
1301 579 1659 650 GENTIS
1704 579 2272 662 SCOTORUM,
2321 579 2504 648 LIB.
2553 579 2638 647 V.
3259 581 3391 648 259

676 775 1089 848 Passus.est
1122 795 1312 846 anno
1346 791 1571 844 xcvl.
1676 773 1961 845 Colitur
1992 773 2111 843 die
2157 789 2348 844 x111.
2385 789 2526 842 XV.
2575 770 2972 844 Novembr.
3021 795 3106 842 ac
3147 771 3387 841 nescio

578 915 706 964 cur
740 891 1055 984 Hispani
1090 889 1479 962 maluerint
1512 898 1872 982 receptam
1908 889 2121 960 fidem
2156 889 2386 960 Gallis
2417 889 2662 982 potius
2698 911 2918 982 quam
2959 887 3236 960 Romae
3268 889 3390 958 de-

576 1010 765 1091 bere,
798 1030 962 1079 cum
998 1006 1073 1079 S.
1109 1005 1529 1099 Dionysius,
1563 1015 1650 1077 ut
1684 1007 1837 1098 ipse
1868 1007 2065 1077 haud
2099 1005 2396 1077 obscure
2430 1006 2674 1076 innuit
2719 1008 2928 1098 epist.
2970 1024 3052 1077 x.
3105 1004 3182 1076 in
3219 1003 3392 1076 Gal-

578 1126 709 1196 lias
759 1147 805 1195 a
846 1121 921 1194 S.
968 1122 1336 1194 Clemente
1378 1121 1714 1214 pontifice
1757 1123 2160 1195 destinatus
2207 1121 2498 1192 biennio
2543 1129 2698 1193 toto
2742 1131 2908 1214 post
2951 1121 3388 1214 martyrium

577 1238 919 1336 Eugenii,
955 1240 1033 1310 id
1059 1247 1191 1322 est,
1217 1259 1409 1310 anno
1435 1256 1731 1310 xcvln.
1766 1247 1854 1310 ut
1886 1241 2031 1310 late
2064 1237 2427 1310 Batonius
2451 1237 2784 1331 princeps
2818 1248 2991 1310 tom.
3025 1257 3078 1309 1.
3115 1237 3386 1308 Annal.

577 1355 841 1427 evicit:
894 1356 1142 1448 itaque
1174 1355 1368 1425 inter
1399 1354 1939 1427 conversionem
1988 1364 2061 1427 et
2102 1354 2538 1446 martyrium
2581 1363 2796 1426 erunt
2839 1370 3144 1425 xxxiv,
3191 1355 3388 1434 anni,

576 1470 841 1564 quibus
900 1470 1298 1543 Toletanae
1355 1471 1689 1542 ecclesiae
1739 1469 2157 1562 praefuerit.
2282 1469 2714 1562 Quicunque
2775 1471 2987 1542 aliter
3041 1471 3387 1552 scribunt,

576 1607 877 1658 censura
910 1595 1169 1681 egent3
1208 1595 1281 1658 et
1313 1596 1401 1658 ut
1435 1609 1687 1658 verum
1722 1587 1817 1658 sit
1853 1608 2021 1662 eum
2054 1587 2244 1658 circa
2267 1585 2590 1658 Parisios
2615 1608 2932 1679 passum,
2959 1597 3204 1659 tamen
3237 1608 3390 1657 om-

577 1702 691 1772 nis
724 1703 868 1773 alia
898 1702 1174 1774 occasio
1206 1703 1615 1795 quaerenda
1650 1711 1782 1786 est,
1816 1724 2035 1795 quam
2070 1702 2510 1795 colloquium
2542 1724 2706 1774 cum
2742 1701 2816 1774 S.
2855 1702 3234 1796 Dionysio,
3260 1702 3386 1795 qui

576 1818 897 1889 nondum
930 1819 1009 1890 in
1042 1816 1315 1890 Gallias
1352 1829 1673 1891 venerat.
3265 1807 3270 1810 ’

1495 2051 1571 2124 S.
1625 2050 2183 2124 ETHBINUS.
2289 2055 2459 2132 477.

576 2282 651 2355 S.
686 2283 1152 2371 ETHBINUS,
1186 2287 1581 2359 monachus
1614 2286 2151 2372 Benedictinus,
2201 2295 2291 2357 ut
2323 2290 2486 2360 vult
2517 2284 2788 2373 Uvion,
2835 2295 2966 2359 aut
2999 2287 3386 2358 canonicus
3535 2377 3542 2382 .

574 2403 949 2496 regularis,
984 2413 1069 2473 ut
1100 2405 1335 2496 placet
1366 2401 1688 2487 Ghinio;
1722 2413 2091 2494 utcunque
2124 2403 2245 2487 sit,
2283 2412 2327 2445 ‘⁶
2365 2402 2742 2475 Nectensis
2775 2405 2853 2475 in
2885 2403 3242 2474 Hibernia
3265 2403 3389 2473 ab·

576 2519 725 2602 bae,
759 2527 835 2589 et
878 2519 957 2588 in
1004 2518 1391 2591 Britannia
1424 2521 1705 2603 natus,”
1749 2520 2016 2591 dicitur
2050 2517 2272 2590 Petro
2303 2519 2428 2590 lib.
2467 2536 2584 2588 Ix-
2633 2518 2863 2592 Catal.
2901 2541 3055 2611 cap.
3094 2536 3381 2590 xxcw.

576 2645 743 2705 ante
776 2656 942 2704 eum
976 2635 1165 2706 idem
1200 2635 1593 2707 affirmarat
1616 2633 2043 2707 Vincentius
2070 2633 2358 2726 speculi
2385 2634 2510 2706 lib.
2539 2651 2720 2706 xxl.
2749 2657 2904 2728 cap.
2935 2653 3162 2707 cxlv.
3193 2651 3384 2707 cxv,

576 2750 935 2822 Trithem.
970 2750 1095 2822 lib.
1135 2771 1259 2823 111.
1298 2750 1457 2823 Vir.
1492 2752 1596 2823 ill.
1632 2774 1787 2845 cap.
1825 2769 2058 2823 XLIV.
2134 2749 2260 2822 Ex
2293 2773 2378 2822 eo
2414 2772 2592 2824 vero
2623 2773 2788 2822 eum
2816 2752 3108 2824 Gallum
3132 2750 3387 2834 facere,

572 2867 769 2960 quod
800 2867 880 2938 in
912 2866 1152 2941 Gallia
1183 2870 1279 2941 sit
1314 2870 1685 2962 provincia
1710 2869 2117 2952 Britannia,
2154 2868 2462 2940 delirare
2497 2876 2652 2954 est3
2690 2891 2862 2940 nam
2885 2889 3018 2941 nec
3049 2877 3225 2940 tunc
3259 2891 3390 2939 nec

570 2984 823 3056 multis
854 2994 1103 3077 postea
1134 2987 1391 3058 seculis
1426 3009 1511 3057 ea
1542 2987 1745 3082 regio
1779 2985 2205 3057 Britanniae
2237 3006 2500 3055 nomen
2532 2984 2818 3063 habuit.
2857 2985 2982 3056 sed
3017 2983 3391 3054 Aremori-

572 3121 745 3184 cae3
798 3109 885 3172 ut
918 3101 1273 3183 omittam,
1305 3124 1681 3194 nunquam
1713 3101 2210 3175 Aremoricam
2247 3103 2670 3194 simpliciter
2691 3102 3152 3174 Britanniam
3177 3124 3390 3174 voca-

572 3217 661 3300 ri,
712 3218 837 3288 sed
886 3239 1051 3288 cum
1110 3217 1592 3302 distinctione,
1646 3218 2030 3302 Minorem,
2083 3228 2167 3290 ut
2200 3229 2476 3289 notum.
2581 3218 2658 3288 N
2659 3241 2736 3289 ec
2770 3219 2888 3290 hic
2922 3217 3209 3313 Anglus
3245 3219 3384 3288 dici

571 3340 831 3425 potest,
867 3333 1040 3426 quia
1072 3343 1249 3404 tunc
1282 3332 1557 3430 Anglia
1603 3336 1923 3406 nondum
1960 3332 2171 3405 fidem
2207 3357 2251 3404 a
2295 3333 2370 3403 S.
2407 3332 2832 3430 Augustino
2881 3334 3204 3425 apostolo
3253 3356 3386 3405 suo

572 3458 962 3541 acceperat,
1020 3450 1145 3520 sed
1208 3459 1522 3542 quatuor
1578 3459 1865 3522 tantum
1917 3450 2125 3521 annis
2190 3457 2362 3521 ante
2420 3449 2698 3521 obitum
2762 3448 3098 3532 Ethbini,
3155 3458 3243 3520 ut
3289 3471 3382 3519 ex

572 3563 649 3634 S.
685 3563 1036 3660 Gregorio
1071 3563 1131 3636 1.
1168 3587 1354 3658 papa
1398 3577 1469 3637 et
1515 3568 1675 3638 aliis
1719 3567 1929 3638 docui
1974 3567 2098 3638 lib.
2144 3585 2200 3636 1.
2251 3563 2612 3658 Apparat.
2663 3588 2817 3658 cap.
2855 3582 3037 3635 vlu.
3091 3564 3204 3636 De
3250 3565 3387 3636 hoe

570 3681 961 3773 apostolico
994 3682 1155 3753 viro
1200 3680 1539 3752 Hirlandi
1594 3682 1873 3754 Scotiae
1922 3685 2113 3777 grati
2166 3683 2442 3778 gratias
2493 3681 2828 3764 referant,
2881 3683 3008 3774 qui
3062 3690 3136 3752 et
3186 3683 3379 3773 ipsos

573 3797 899 3887 exemplo
932 3819 1064 3868 suo
1097 3797 1189 3868 ad
1226 3819 1477 3868 verum
1511 3798 1648 3869 Dei
1684 3800 1960 3870 cultum
1987 3799 2238 3883 erexit,
2265 3808 2342 3871 et
2366 3800 2730 3889 leprosum
2757 3797 3380 3891 paralyticumque

574 3915 867 3987 sanitati
902 3917 1249 3987 restituit.
1354 3914 1659 4007 Scripsit

867 4029 1057 4102 Acta
1090 4031 1433 4102 Sansonis
1470 4031 1809 4127 Magistri
2465 4031 2590 4103 lib.
2631 4051 2682 4103 1.

869 4147 1379 4217 Meditationes
1415 4167 1497 4216 ac
1535 4146 1787 4220 Preces
2465 4148 2589 4220 lib.
2629 4165 2682 4218 Ι.

667 4262 874 4335 Obiit
908 4284 991 4333 ac
1023 4262 1391 4353 depositus
1434 4273 1543 4335 est
1597 4285 1787 4336 anno
1823 4281 2013 4335 Dcx.
2118 4263 2406 4335 Colitur
2457 4281 2638 4334 xlx.
2687 4261 3049 4356 Septemb.
3099 4262 3382 4356 Marty-

572 4381 701 4451 rol.
738 4377 1198 4450 Carthusian.
1237 4379 1357 4448 vel
1390 4396 1570 4450 xlx.
1610 4378 1865 4452 Octob.
1902 4381 2171 4465 Uvion,
2209 4388 2283 4449 et
2316 4379 2462 4450 alii.

1517 4577 1591 4648 S.
1644 4577 2172 4652 EUSEBIUS.
2274 4583 2444 4657 4⁷8.
2503 4581 2512 4586 ’

574 4727 646 4801 S.
697 4727 1133 4812 Eusnnms,
1194 4737 1666 4823 cognomento
1726 4723 2097 4812 Inclusus,
2156 4729 2554 4821 discipulus
2611 4727 2682 4800 S.
2747 4727 2936 4799 Galli
2993 4727 3211 4810 Scoti,
3281 4739 3374 4810 et,

571 4854 655 4916 ut
720 4845 1038 4916 creditur
1106 4867 1151 4915 a
1217 4844 1395 4914 viris
1454 4843 1883 4915 doctissimis
1946 4842 2265 4918 Henrico
2325 4844 2620 4918 Canisio
2679 4855 2752 4915 et
2807 4843 2854 4912 J
2856 4845 3082 4915 udoco
3143 4844 3376 4916 Metz-
