4384 5817
980 585 1113 652 affl
1744 581 2222 656 HISTORIA
2267 583 3026 657 EchESIASTch

990 775 1457 850 Marcellam:
1510 783 1557 818 ‘⁸
1590 773 1765 849 Flos
1796 775 2115 872 quidam,
2166 785 2244 850 et
2275 777 2842 870 pretiosissimus
2871 777 3060 872 lapis
3089 776 3287 850 inter
3325 779 3802 852 ecclesiastica

986 899 1413 966 ornamenta
1444 891 1959 966 monachorum
1994 901 2069 963 et
2099 891 2472 989 virginum
2503 893 2766 966 chorus
2809 902 2942 976 est,
2993 891 3406 987 quicunque
3453 893 3676 968 fuerit
3716 893 3796 966 in

990 1007 1232 1082 Gallia
1262 1007 1588 1101 primus}
1619 1007 1765 1080 huc
1804 1018 2145 1101 properat
2190 1009 2468 1081 divisus
2517 1009 2610 1082 ah
2659 1007 2831 1082 orbe
2873 1015 3126 1082 nostro
3159 1005 3584 1094 Britannus,
3619 1010 3684 1082 si
3719 1011 3802 1082 in

991 1123 1341 1220 religione
1372 1124 1847 1220 processerit3
1902 1123 2198 1196 occiduo
2231 1125 2378 1196 sole
2427 1126 2747 1210 dimisso,
2795 1123 3082 1220 quaerit
3129 1125 3367 1198 locum
3415 1123 3614 1198 fama
3661 1125 3804 1198 sibi

993 1249 1283 1313 tantum
1318 1249 1393 1313 et
1422 1243 1945 1336 scripturarum
1981 1241 2329 1313 relatione
2363 1241 2799 1338 cognitum.”
2878 1238 2988 1316 Ut
3019 1237 3108 1312 de
3141 1261 3218 1312 se
3249 1241 3430 1314 haec
3451 1241 3648 1314 dicta
3671 1252 3804 1314 aut

988 1356 1387 1452 maioribus
1418 1357 1573 1430 suis
1622 1354 2027 1440 Britannis,
2074 1353 2305 1452 Angli
2353 1356 2812 1442 contendant,
2855 1379 2994 1453 ego
3039 1379 3190 1428 non
3237 1358 3448 1430 video
3497 1379 3630 1430 cur
3677 1377 3804 1428 ex-

992 1473 1189 1544 cludi
1223 1471 1479 1546 debeat
1511 1471 1776 1546 Scotia.
1846 1471 1989 1544 Sed
2022 1469 2111 1544 de
2144 1479 2303 1544 tota
2332 1472 2470 1546 hac
2502 1470 3060 1567 Hieronymiani
3091 1473 3568 1548 monachismi
3601 1494 3804 1566 prae-

988 1589 1283 1672 stantia,
1338 1589 1821 1672 institutione,
1872 1587 2410 1661 confirmatione
2457 1589 2552 1660 ad
2601 1599 2934 1662 sanctum
2975 1589 3462 1682 sepulchrum,
3511 1590 3656 1661 late
3689 1589 3808 1662 vir

990 1705 1523 1779 eruditissimus
1580 1704 1761 1778 Pius
1812 1703 2113 1776 Rubeus
2164 1703 2653 1790 Placentinus,
2707 1705 3030 1802 ejusdem
3079 1703 3400 1778 familiae
3445 1717 3674 1798 pater,
3725 1704 3802 1776 S.

990 1819 1441 1914 Carpophori
1472 1821 1699 1916 prior,
1734 1821 1815 1892 in
1847 1817 2462 1892 Commentariis
2440 1843 2520 1892 m
2559 1820 2708 1893 Res
2741 1831 2982 1918 gestas
3015 1820 3091 1893 S.
3130 1819 3586 1915 Hieronymi,
3619 1843 3802 1913 quos

994 1935 1205 2010 Comi
1238 1937 1470 2010 editos
1506 1941 1669 2034 lego
1701 1939 1893 2010 dono
1936 1945 2011 2008 et
2056 1933 2550 2010 munificentia
2582 1955 2659 2008 v,
2696 1954 2826 2010 eL.
2872 1935 3210 2010 Bassiani
3257 1934 3464 2009 Gratti
3509 1936 3806 2008 Placen-

988 2053 1153 2140 tini,
1190 2053 1444 2125 itidem
1496 2051 2054 2146 Hieronymiani
2098 2051 2432 2124 monachi
2479 2053 2572 2124 ad
2617 2051 2691 2126 S.
2728 2051 3158 2125 Barbatiani
3206 2050 3602 2138 Bononiae,
3655 2053 3798 2136 cui,

988 2179 1077 2242 ut
1108 2169 1247 2242 toti
1281 2169 1391 2241 illi
1424 2169 1697 2254 domui,
1730 2169 2047 2262 plurima
2086 2190 2206 2240 me
2237 2167 2514 2252 debere,
2564 2169 2742 2240 haec
2783 2169 3154 2241 attestatio
3198 2169 3557 2262 loquetur.
3661 2167 3804 2239 Sed

988 2286 1081 2358 ad
1114 2285 1479 2360 Grantum
1508 2285 1746 2370 redeo,
1783 2287 1911 2380 qui
1944 2285 2224 2358 ordinis
2256 2284 2372 2356 sui
2403 2305 2536 2376 per
2581 2283 2896 2358 Scotiam
2945 2283 3412 2376 provincialis
3455 2305 3806 2356 memora·

989 2413 1139 2487 tur,
1172 2423 1256 2474 ac
1290 2403 2023 2475 multarumutiIium
2072 2423 2320 2474 rerum
2369 2401 2678 2494 scriptor
2725 2401 3317 2484 commendatum
3367 2409 3444 2472 et
3491 2421 3666 2472 vero
3713 2401 3804 2472 de

988 2517 1491 2591 Bethleemitis
1522 2520 1935 2603 dolendum,
1970 2519 2120 2612 qui,
2158 2539 2326 2590 cum
2359 2517 2510 2590 sint
2540 2516 3028 2610 antiquissimi
3063 2514 3154 2588 ab
3185 2514 3346 2608 ipso
3391 2513 3468 2588 S.
3513 2515 3804 2588 doctore

990 2634 1337 2720 instituti,
1368 2643 1459 2706 ut
1488 2635 1803 2716 videtur,
1836 2634 2240 2706 incredibili
2273 2633 2540 2706 damno
2569 2655 2796 2726 paene
2830 2633 2910 2704 in
2957 2631 3278 2704 tenebris
3309 2631 3800 2712 delinierunu

988 2773 1123 2824 nec
1152 2753 1384 2824 ullum
1418 2751 1499 2822 in
1530 2749 1774 2824 Scotia
1808 2750 2230 2824 coenobium
2265 2771 2539 2832 eorum,
2562 2757 2852 2842 praeter
2872 2747 3012 2821 hoc
3033 2769 3287 2831 unum,
3313 2745 3498 2820 mihi
3521 2754 3800 2829 notum,

990 2891 1123 2941 nec
1154 2889 1247 2940 ex
1280 2867 1445 2951 isto,
1480 2889 1613 2960 per
1644 2875 1757 2940 tot
1790 2869 2051 2953 secula,
2090 2867 2455 2961 quispiam
2487 2867 2674 2938 alius
2707 2865 3127 2938 celebretur.
3231 2863 3539 2958 Scripsit

1292 2984 1407 3056 De
1438 2983 1965 3058 Wiclefitarum
2000 2982 2318 3056 Perfidia
2879 2980 3010 3053 lib.
3045 2999 3100 3052 1.

1286 3097 1565 3172 Contra
1596 3099 1973 3196 Begardos
2877 3097 3006 3170 lib.
3047 3113 3101 3168 ι.

1092 3215 1381 3289 Floruit
1416 3238 1609 3290 anno
1646 3233 2042 3288 Mcccuv,

1663 3413 2221 3521 PATm'cms
2271 3443 2850 3520 GORDONth.
2955 3447 3126 3525 595.

996 3680 1455 3754 ancms
1488 3677 1897 3763 Gordonus,
1930 3678 2152 3774 regiis
2186 3701 2408 3773 agens
2443 3677 2524 3748 in
2556 3675 2771 3749 rebus
2805 3676 3000 3770 apud
3035 3673 3372 3762 Polonos,
3409 3674 3700 3768 scripsit

1294 3795 1739 3891 Lachrymas
1772 3796 1853 3866 in
1886 3793 2176 3868 Funere
2211 3791 2511 3866 Hem-ici
2885 3789 3012 3864 lib.
3049 3807 3102 3862 1.

1092 3911 1305 3988 Vivit
1336 3911 1595 3999 adhuc,
1626 3921 1715 3984 ut
1748 3911 2105 3984 existimo.
2799 3947 2814 3960 ·

1691 4139 2300 4218 GULIELMUS
2347 4137 2822 4216 GUILDUS.
2929 4135 3102 4220 596.

996 4379 1507 4454 Gumtnuus
1560 4375 1873 4451 Guildus
1928 4373 2494 4461 Aberdonensis,
2555 4371 2974 4469 theologicis
3027 4370 3292 4446 studiis
3349 4391 3496 4444 non
3543 4372 3804 4454 leviter

984 4498 1293 4579 tinctus,
1378 4504 1467 4567 ut
1548 4514 1781 4587 nuper
1864 4493 2101 4566 Roma
2172 4493 2514 4564 admonet
2585 4491 2994 4563 adolesoens
3069 4487 3552 4572 doctissimus,
3619 4487 3802 4562 civis

994 4635 1201 4688 meus
1262 4611 1629 4686 Robertus
1678 4609 1977 4696 Badius,
2034 4617 2426 4705 postquam
2467 4605 2788 4680 honestis
2839 4605 3102 4678 studiis
3149 4625 3284 4698 per
3329 4601 3602 4678 Gallias
3651 4605 3805 4678 ani-

996 4753 1203 4804 mum
1252 4729 1697 4812 oblectasset,
1748 4728 2044 4802 domum
2092 4725 2332 4812 rediit,
2382 4747 2466 4798 ae
2515 4723 2804 4817 scripsit
2867 4722 3245 4816 quaedam,
3295 4721 3424 4794 sed
3471 4741 3608 4816 ego
3657 4741 3805 4794 non

1000 4847 1204 4922 vidit
1252 4847 1333 4920 in
1364 4845 1503 4932 his,
