4384 5817
1057 581 1184 648 174
1825 581 2291 650 HIS'PORIA
2338 581 3086 654 ECCLESIASTICA

1741 766 1824 826 Et
1847 787 2080 849 semper
2105 771 2265 830 natis
2290 769 2543 850 gaudeat
2568 769 2674 831 ina
2700 771 2905 832 tribus.

1157 996 1464 1067 Balaeus
1524 1003 1854 1087 apostata
1903 993 2225 1090 Anglam
2278 996 2453 1067 facit
2506 997 2965 1088 irupudenter
3016 1008 3092 1071 et
3144 1001 3449 1086 indocte,
3508 1011 3595 1074 ut
3644 1009 3847 1090 solet,

1058 1133 1218 1184 cum
1245 1133 1496 1182 revera
1519 1110 1734 1182 Scuta
1755 1109 2002 1184 fuerit.
2037 1110 2303 1182 Petrus
2332 1111 2839 1184 Bandozianus
2866 1112 3153 1186 Cestius
3186 1117 3265 1186 in
3298 1115 3688 1212 Synoptica
3716 1123 3848 1192 Or-

1056 1229 1168 1300 bis
1203 1227 1599 1300 Terrarum
1633 1225 1973 1318 Epitome
2015 1249 2181 1320 pag.
2222 1245 2579 1298 cxxxlx.
2634 1221 3031 1300 Caeruleos
3060 1227 3477 1304 Britannos
3520 1235 3597 1306 in
3639 1259 3847 1310 versu

1058 1343 1420 1416 Martialis
1451 1343 1746 1414 laudato
1779 1343 2297 1435 interpretatur
2321 1339 2590 1426 Scotoe,
2612 1365 2779 1414 cum
2802 1366 3015 1438 saepe
3042 1369 3305 1420 nomen
3328 1349 3843 1424 Britannorum

1058 1461 1424 1530 diversum
1457 1459 1555 1530 sit
1589 1458 1681 1530 ab
1712 1455 2000 1554 Anglis‚
2032 1467 2120 1528 ut
2151 1459 2229 1528 in
2264 1461 2455 1530 notis
2490 1459 2582 1530 ad
2612 1457 3015 1532 Historiam
3052 1463 3239 1533 Belli
3274 1465 3457 1536 sacri
3482 1464 3847 1540 Benedicti

1055 1573 1340 1646 Accolti
1373 1574 1606 1644 docui.
1855 1628 1862 1636 .

1159 1688 1376 1760 Hanc
1405 1687 1678 1760 Graece
1705 1687 2112 1782 Latineque
2143 1691 2629 1762 doctissimam
2678 1689 2775 1761 A„
2826 1689 3069 1763 Rufus
3114 1691 3429 1778 Pudens,
3476 1719 3640 1768 eum
3682 1701 3849 1770 exul

947 1851 955 1858 -
1059 1811 1138 1879 in
1194 1806 1434 1877 Scotia
1489 1815 1696 1888 esset,
1751 1813 1839 1876 ut
1897 1813 2154 1878 notum
2198 1807 2627 1900 longinquas
2672 1809 3009 1901 relegatis
3054 1811 3402 1898 proscribi
3452 1814 3699 1886 solitas
3743 1837 3849 1886 re-

1059 1925 1330 2018 giones,
1365 1921 1446 1992 in
1476 1941 1776 1992 uxorem
1810 1920 2066 1992 duxit:
2108 1943 2328 1992 eausa
2372 1931 2563 1993 certe
2602 1924 2829 2007 exilii,
2874 1923 3329 1996 Christianae
3363 1927 3657 2018 pietatis
3690 1953 3845 2022 pro-

1058 2038 1320 2122 fessi03
1395 2057 1568 2108 nam
1623 2037 2090 2128 inperator&
2153 2037 2427 2108 ethnici
2494 2041 2575 2110 in
2641 2040 3059 2134 longinquis
3126 2039 3536 2131 provinciis,
3597 2047 3843 2135 procul

1059 2157 1298 2230 Roma
1324 2153 1776 2225 Christianos
1795 2153 2122 2227 habitare
2146 2154 2682 2244 permittebant.
2735 2155 3058 2226 Cassiod.
3080 2157 3203 2228 lib.
3230 2177 3283 2228 1.
3306 2156 3628 2249 Tripart.
3650 2159 3839 2232 Hist.

1059 2293 1213 2365 eap-
1247 2289 1393 2342 Ἧι.
1474 2269 1594 2344 Ita.
1621 2271 2035 2366 ablegatum
2068 2268 2473 2342 Pudentem
2507 2272 2897 2363 alloquitur
2922 2271 3145 2343 Mart.
3172 2271 3297 2344 lib.
3328 2290 3439 2344 vi.
3469 2297 3580 2366 ep.
3611 2292 3841 2346 LVIII.

1661 2433 1914 2494 Cernere
1941 2431 2273 2492 Parrhasios
2298 2431 2438 2490 dum
2464 2442 2527 2491 te
2546 2432 2735 2511 juvat,
2764 2431 2941 2500 Aule,
2972 2431 3216 2493 Triones

1737 2527 2092 2596 Comminus,
2121 2537 2183 2586 et
2212 2525 2469 2608 Scythici
2498 2525 2686 2586 sidera
2710 2526 2863 2586 ferre
2888 2525 3025 2606 poli,

1657 2620 1756 2680 0!
1803 2621 3233 2702 quampsnedbistyginegorapmnadundaa

1743 2716 1982 2798 Elysias
2007 2715 2130 2776 vidi
2155 2716 2359 2777 nubila
2384 2717 2547 2776 funes
2570 2715 2809 2798 phgae!

1661 2812 1945 2886 Quamvis
1969 2811 2119 2872 lassa
2144 2822 2277 2872 tuos
2302 2813 2655 2891 quaerebant
2679 2810 2901 2870 lumina
2930 2812 3149 2882 vultus,

1736 2907 1940 2986 Atque
1964 2917 2090 2967 erat
2109 2907 2177 2968 in
2202 2907 2396 2986 gelido
2418 2905 2709 2988 plurimus
2730 2925 2829 2966 ore
2859 2905 3110 2968 Pudens.

1660 3001 1726 3060 Si
1751 3001 1896 3061 mihi
1919 3001 2184 3062 lanificae
2211 3001 2435 3061 ducunt
2460 3021 2577 3060 non
2602 2999 2765 3080 pulla
2790 3021 3007 3062 sorores

1737 3095 2021 3170 Stamina,
2048 3115 2158 3157 nse
2179 3095 2385 3157 surdos
2410 3115 2521 3155 vox
2542 3095 2859 3156 habetisn-
2885 3095 3064 3166 Deos,

1659 3192 1888 3272 Sospite
1913 3189 2767 3272 meaospeslaatiumeheris
2792 3190 2867 3250 ad
2892 3191 3083 3262 nrbes,

1736 3286 1818 3346 Et
1841 3287 2057 3348 referes
2081 3286 2190 3366 pili
2214 3287 2473 3366 praemia
2494 3285 2683 3346 clarus
2708 3305 2901 3366 eques.

1055 3438 1204 3521 Qui
1251 3441 1448 3509 locus
1499 3437 1696 3509 exilii
1745 3435 2100 3508 Pudentis
2149 3437 2291 3507 dici
2340 3434 2613 3530 Anglia
2662 3457 2807 3506 non
2857 3445 3114 3528 potest,
3166 3436 3291 3508 ubi
3342 3459 3519 3508 aura
3576 3449 3839 3532 tempe-

1055 3556 1304 3636 ratior,
1339 3563 1413 3626 et
1446 3555 1718 3624 coelum
1763 3553 2207 3634 clementius,
2250 3551 2377 3622 sed
2424 3539 2684 3633 Sentis,
2736 3552 2943 3646 eujus
2992 3553 3235 3624 ultimi
3266 3562 3541 3626 tractus
3574 3555 3839 3650 frigore

1055 3671 1410 3740 horrendo
1459 3667 1926 3750 infamantur,
1973 3669 2166 3760 quod
2212 3688 2357 3738 vox
2398 3653 2789 3736 comminius
2830 3668 3151 3760 apposite
3198 3669 3533 3741 denotat:
3582 3671 3839 3742 deinde

1054 3785 1228 3875 quid
1265 3792 1462 3856 vetat
1493 3785 1728 3855 locum
1761 3782 2087 3854 tentari?

1662 3911 1914 3970 Cernere
1939 3909 2268 3971 Parrhasios
2293 3910 2435 3970 dum
2460 3919 2522 3970 te
2541 3909 2732 3988 juvat,
2762 3909 2939 3978 Aule,
2968 3909 3213 3972 Triones
3238 3983 3257 3995 ,

1731 4006 2088 4075 Comminus,
2116 4016 2178 4066 et
2206 4005 2419 4066 Sootiei
2444 4005 2657 4082 frigora
2680 4004 2835 4064 ferre
2858 4003 2994 4084 poli.

1054 4123 1376 4194 Maxime
1419 4143 1588 4194 cum
1641 4119 1901 4194 Florus
1952 4121 2485 4192 vetustissimus
2530 4128 2743 4212 poeta
2788 4119 2981 4214 apud
3028 4120 3191 4191 Ael.
3252 4121 3713 4212 Spartianum
3759 4127 3835 4196 in

1057 4239 1304 4310 eadem
1338 4259 1510 4310 νοω
1543 4239 1976 4331 depravatus
2009 4238 2130 4309 sit.
2232 4236 2351 4308 Ita
2382 4238 2573 4308 enim
2608 4236 2697 4306 de
2728 4234 3097 4308 Adriano:

1653 4383 1780 4462 Ego
1805 4383 1938 4442 nolo
1963 4383 2173 4442 Caesar
2198 4403 2343 4453 esse,

1653 4475 1974 4536 Ambulare
1999 4495 2104 4556 per
2131 4477 2488 4547 Brittannos,

1653 4571 1954 4652 Scythicas
1975 4571 2102 4652 pati
2125 4572 2385 4651 pruinas·

1056 4705 1212 4777 MS.
1237 4727 1440 4777 meus
1461 4705 1772 4798 optimae
1793 4711 2026 4789 notae,
2047 4705 2126 4775 in
2153 4703 2571 4776 membrana
2596 4703 2901 4798 oblonga
2927 4701 3181 4784 forma,
3211 4703 3473 4778 diserte
3498 4705 3831 4797 praefert,

1648 4832 1966 4896 Ambulare
1985 4853 2092 4918 per
2118 4833 2447 4906 Britannos,
