4384 5817
1284 501 1641 570 GENTIS
1684 500 2247 583 SCOTORUM,
2298 500 2480 568 LIB.
2525 501 2622 568 11.
3219 501 3350 565 123

548 693 804 766 clesiae
834 715 1009 764 suae
1042 691 1330 777 vindex,
1368 701 1442 763 et
1474 692 1797 764 omnium
1823 693 2078 789 judex,
2112 703 2185 766 te
2218 693 2570 766 mendacii
2603 691 2950 782 comperti
2995 712 3197 762 reum
3240 713 3346 760 se-

550 831 718 881 vere
750 811 1033 901 plectet,
1064 808 1209 878 nisi
1241 810 1427 880 iram
1458 808 1827 900 principis,
1860 831 2077 902 quam
2110 810 2382 904 injuria
2407 807 2835 900 provocasti,
2863 815 3069 877 caute
3093 805 3341 876 lenias.

550 925 747 996 Nam
782 927 861 996 in
888 946 1073 1016 quae
1124 924 1577 1002 incommoda
1626 946 1717 994 ex
1758 948 1842 996 eo
1886 935 2206 1017 tempore
2254 925 2472 1008 miser
2519 924 2814 1007 incurri,
2865 931 2994 994 aut
3035 922 3116 992 in
3162 943 3346 1013 quae

549 1064 699 1113 non
730 1041 1055 1134 quotidie
1088 1041 1379 1111 incurro
1414 1061 1679 1134 magna
1710 1061 1873 1110 curn
1907 1042 2069 1122 mei,
2105 1041 2230 1110 sed
2263 1039 2520 1133 majori
2555 1040 2882 1110 ecclesiae
2923 1037 3082 1120 Dei,
3107 1038 3346 1131 jactu-

548 1179 631 1228 ra
648 1155 687 1226 Ρ
789 1155 1057 1226 Omnia
1087 1179 1273 1249 quae
1306 1156 1488 1226 mihi
1521 1155 1823 1226 adversa
1852 1155 2208 1238 accidunt,
2242 1155 2378 1226 tibi
2429 1155 2708 1246 imputo
2736 1175 2758 1239 ;
2807 1154 2942 1225 etsi
2988 1153 3344 1223 conscien-

548 1273 675 1355 tia,
710 1271 787 1341 id
820 1279 929 1342 est
962 1273 1155 1362 quod
1190 1293 1343 1342 esse
1375 1269 1629 1352 fertur,
1662 1271 1800 1341 etsi
1833 1292 2025 1340 nunc
2056 1293 2304 1342 severa
2337 1273 2712 1363 sopitaque
2739 1269 3194 1348 obdormivit,
3231 1267 3341 1336 ni-

544 1387 939 1458 hilominus
990 1386 1283 1458 tandem
1331 1385 1727 1481 evigilabit,
1784 1395 1859 1458 et
1922 1387 2282 1459 commissi
2351 1388 2670 1460 criminis
2737 1383 3338 1458 commonefaciet.
3441 1439 3460 1460 .

548 1503 763 1576 Tunc
794 1525 929 1599 ego
960 1503 1073 1576 tui
1102 1503 1511 1585 miserebor,
1546 1511 1621 1572 et
1650 1511 1785 1594 pro
1818 1503 2139 1573 miminis
2172 1503 2362 1574 tanti
2393 1512 2604 1574 reatu
2626 1501 2899 1572 dolebo.
2957 1499 3159 1570 Inter
3178 1509 3342 1570 tuos

544 1641 663 1691 me
694 1621 959 1692 arnicas
992 1612 1273 1711 semper
1302 1617 1547 1701 habui,
1580 1619 1707 1689 sed
1738 1619 1805 1688 si
1838 1641 1925 1690 ea
1952 1619 2141 1690 ratio
2173 1627 2285 1690 est
2317 1619 2566 1690 amicis
2597 1618 2962 1700 abutendi,
2991 1616 3204 1688 erade
3227 1637 3342 1686 me

546 1737 795 1809 ex-illo
834 1735 1020 1821 albo,
1060 1757 1329 1806 nomen
1369 1758 1461 1806 ex
1502 1737 1631 1808 illa
1672 1735 1961 1807 cohorte
2004 1757 2246 1806 meum
2279 1737 2484 1820 dele;
2541 1755 2693 1817 nec,
2741 1733 2806 1804 si
2839 1733 3126 1824 parium
3159 1731 3343 1802 mihi
3393 1767 3406 1782 ·

544 1852 879 1944 deinceps
922 1852 1449 1924 admissionalis
1500 1852 1817 1934 diducat,
1866 1852 2075 1924 video
2106 1851 2244 1922 hoc
2273 1873 2426 1923 esse
2460 1851 3068 1942 experiundorum
3111 1848 3342 1922 homi·-

546 1990 727 2040 num
758 1977 1063 2059 tempus.
1128 1967 1373 2051 'Quod
1418 1968 1916 2060 unusquisque
1966 1967 2270 2040 tacitum
2317 1969 2521 2051 celat,
2571 1966 2889 2058 patebit:
2940 1963 3165 2050 Deus,
3213 1967 3344 2058 qui

548 2107 681 2158 nos
710 2085 790 2154 in
824 2083 1011 2154 hanc
1040 2068 1511 2156 tentationem
1544 2083 1858 2165 induxit,
1892 2083 2213 2174 placidus
2248 2083 2524 2166 educat,
2566 2091 2906 2174 tutosque
2937 2081 3212 2164 reddat,
3250 2081 3344 2150 ad

476 2209 495 2226 ‘
546 2199 860 2272 nominis
902 2199 1021 2268 sui
1063 2200 1395 2294 gloriam,
1435 2199 1668 2270 nostri
1702 2197 2061 2270 solatium.
2162 2197 2348 2270 Vale
2393 2196 2850 2292 Edimburgo
2901 2199 3017 2268 die
3065 2211 3338 2266 xxvn.

546 2314 907 2407 Septemb.
942 2337 1131 2385 anno
1166 2312 1574 2384 MDxcv1.’'

656 2427 728 2500 Ο
786 2430 981 2500 siren
1036 2427 1551 2500 ecclesiastica!
1612 2427 1715 2499 sic
1770 2428 2246 2520 perduellium
2311 2427 2590 2500 nefaria
2645 2437 2888 2500 mente
2954 2428 3340 2521 excogitas,

546 2546 843 2618 scelesta
890 2565 1113 2615 manu
1161 2552 1499 2627 attentas,
1550 2551 1625 2614 et
1672 2543 1951 2614 delatus
1995 2545 2203 2640 regni
2251 2566 2578 2636 proceres
2629 2565 2916 2616 accusas
2966 2543 3340 2622 mendacii,

546 2668 621 2731 et
684 2667 936 2732 contra
998 2658 1555 2755 chirographum
1620 2659 1993 2752 proprium
2059 2659 2516 2749 impudenter
2593 2658 2912 2729 velitaris
2939 2661 2974 2728 Ρ
3071 2655 3346 2728 Amici-

544 2778 693 2848 tiae
758 2797 907 2847 non
968 2777 1401 2875 optimatum
1466 2776 1701 2861 modo,
1774 2776 1897 2846 sed
1965 2782 2037 2845 et
2094 2775 2469 2868 sanguinis
2523 2775 2707 2870 regii
2765 2775 3174 2866 principum
3231 2775 3340 2844 in-

544 2895 875 2964 consulto
938 2893 1043 2964 sic
1106 2891 1485 2962 renuncias
1510 2891 1546 2961 1³
1648 2891 1791 2962 Sed
1856 2912 2165 2986 agnosco
2233 2887 2696 2962 calvinianae
2757 2891 3190 2963 humilitatis
3249 2890 3341 2960 ad

547 3009 801 3080 vivum
846 2995 1273 3100 ‘expressam
1340 3007 1753 3102 imaginem,
1822 3016 1895 3079 et
1960 3006 2211 3078 novati
2277 3007 2637 3102 evangelii
2707 3007 3136 3078 submissam
3193 2985 3344 3099 pie-

546 3133 795 3198 tatem.
897 3123 1093 3196 Pene
1124 3124 1591 3216 praeterierat
1622 3122 2073 3215 subscriptio,
2109 3143 2296 3213 quae
2345 3123 2732 3194 scelestum
2781 3124 2858 3193 in
2901 3143 3145 3218 regem
3189 3123 3344 3192 ani-

548 3263 751 3313 mum
816 3242 931 3313 vel
980 3241 1135 3312 sola
1181 3239 1531 3331 loquitur'
1564 3249 1639 3312 et
1694 3246 2025 3310 accusat:
2076 3239 2181 3308 sic
2239 3239 2478 3323 enim3
2541 3247 2584 3280 ‘⁶
2619 3239 3148 3310 addictissimus
3207 3238 3342 3310 tibi

548 3359 790 3442 cliens,
825 3379 951 3448 spe
982 3377 1117 3426 sua
1146 3357 1460 3426 multum
1495 3354 1876 3450 dejectus?
1974 3351 2081 3425 Et
2113 3375 2344 3424 unum
2385 3355 2678 3446 quidem
2721 3354 3198 3448 perduellium
3242 3355 3344 3424 al-

548 3481 703 3544 tero
750 3472 1175 3552 accmnulat,
1226 3469 1575 3562 siquidem
1628 3471 1709 3542 in
1758 3471 1915 3563 ipso
1961 3470 2342 3559 perduellii
2389 3459 2558 3542 actu
2594 3471 3069 3562 deprehensos
3105 3467 3342 3540 Ruth·

548 3609 771 3660 venos
833 3587 1151 3670 comites,
1210 3607 1295 3656 ac
1336 3587 1545 3686 'regis
1614 3587 2083 3678 periclitantis
2150 3588 2240 3658 de
2307 3590 2536 3680 capite
2593 3589 2810 3683 jussu
2875 3587 3164 3672 occisos,
3233 3610 3345 3659 ac-

549 3725 797 3776 cusare
844 3701 1225 3784 recusavit,
1276 3703 1457 3772 illud
1502 3701 1887 3794 Papiniani
1938 3704 2029 3773 ad
2075 3702 2516 3774 Caracallum
2565 3705 2928 3798 objiciens,
2983 3711 3028 3746 ‘⁶
3059 3703 3342 3776 facilius

547 3841 699 3892 esse
731 3818 1195 3890 homicidium
1242 3826 1653 3909 perpetrare
1692 3839 1915 3909 quam
1946 3840 2284 3890 excusare
2309 3818 2370 3888 :⁹⁹
2420 3820 2545 3889 sed
2578 3817 3038 3904 Ruthvenus,
3075 3821 3342 3892 scilicet

548 3936 627 4006 in
658 3934 903 4006 schola
936 3934 1047 4004 tui
1080 3917 1499 4026 symmistae
1547 3932 1833 4004 Calvini
1884 3935 2251 4017 educatus,
2295 3944 2368 4005 et
2417 3933 2787 4006 haereseos
2831 3937 3014 4007 lacte
3059 3959 3104 4007 a
3146 3946 3342 4009 tene-

547 4052 649 4123 ris
707 4051 971 4132 ebrius,
1032 4057 1199 4140 post
1254 4047 1681 4120 Germanica
1734 4050 2090 4142 tyrocinia
2136 4049 2606 4122 Elizabethae
2653 4049 3122 4146 Anglicanae,
3177 4077 3343 4126 con-

546 4187 837 4262 gressus
886 4165 1439 4236 ministellorum
1508 4164 1795 4236 obviam
1849 4166 2358 4258 prodeuntium
2410 4187 2770 4258 pompam,
2843 4167 2999 4263 regi
3057 4169 3344 4241 obstare

548 4281 927 4353 videbatur
959 4302 1051 4352 ne
1083 4277 1476 4351 Catholicis
1508 4277 1751 4351 favere
1783 4289 2025 4372 posset
2051 4300 2072 4364 3
2128 4291 2202 4352 et
2234 4283 2396 4354 ideo
2427 4303 2576 4354 non
2607 4283 2798 4378 regis
2833 4285 3086 4356 violati
3126 4287 3345 4360 ratio—

544 4417 737 4482 nem,
772 4397 899 4468 sed
930 4395 1096 4469 fidei
1128 4396 1547 4467 asserendae
1580 4395 1915 4467 affectum
1948 4395 2357 4469 habendum
2381 4397 2690 4470 Brusius
2717 4401 2968 4484 voluit,
2995 4402 3114 4473 vir
3138 4405 3347 4475 vehe-

538 4533 747 4584 mens
780 4512 861 4582 in
891 4511 1185 4602 pietatis
1202 4512 1597 4605 regiaeque
1639 4512 2015 4606 dignitatis
2051 4513 2416 4606 jacturam
2467 4517 2828 4608 eloquens,
2874 4525 2970 4601 et,
3019 4526 3104 4587 ut
3147 4519 3347 4614 inge-

546 4649 687 4700 nue
720 4627 977 4711 fatear,
1008 4629 1432 4700 multiscius.
1535 4627 1839 4719 Scripsit
1870 4627 2121 4710 multa,
2156 4630 2283 4699 sed
2316 4653 2454 4724 ego
2487 4651 2636 4731 non
2666 4632 2833 4726 legi,
2869 4642 2940 4703 et
2973 4632 3211 4704 nescio
3253 4657 3350 4704 an

544 4765 694 4816 non
724 4742 997 4835 aliquid
1032 4743 1433 4817 virulentae
1464 4741 1683 4814 faecis
1728 4765 1769 4812 e
1810 4743 2003 4827 dolio
2036 4739 2502 4817 calvinianae
2547 4745 3034 4838 improbitatis
3083 4747 3344 4820 admis-

546 4858 801 4930 cuerit.
