4384 5817
1255 534 1614 610 GENTIS
1657 535 2217 619 SCOTORUM,
2234 545 2245 556 ’
2263 537 2467 606 Lm·
2492 539 2586 606 11.
3197 535 3327 600 105

531 743 646 818 tus
678 749 962 803 summa
995 727 1112 802 sui
1145 738 1221 802 et
1251 728 1528 822 patriae
1557 726 1774 812 fama,
1807 739 1893 802 ut
1923 730 2160 812 audio,
2194 729 2481 822 scripsit

820 843 1170 918 Poemata
1201 847 1406 916 varia
2402 843 2529 918 lib.
2567 864 2619 916 1.

817 959 1373 1058 Epigrammata
1409 959 1611 1032 varia
2404 961 2528 1034 lib.
2567 979 2619 1032 1.

811 1077 1369 1150 Observationes
1403 1077 1592 1148 circa
1625 1082 1898 1148 veteres
1933 1072 2254 1148 Medicos
2406 1076 2531 1148 lib.
2570 1093 2621 1146 1.

613 1195 822 1268 Vivit
854 1193 1090 1319 adhuc
1121 1190 1316 1285 apud
1343 1212 1538 1275 ·,suos
1573 1199 1645 1264 et
1667 1189 2195 1342 Hippocratem
2230 1191 2569 1263 illustrat.

1353 1419 2411 1532 S.BIGITANUS.190·

515 1659 588 1728 S.
625 1659 780 1730 Bm
789 1643 1100 1738 iwanus
1143 1681 1228 1730 eo
1271 1655 1572 1729 florebat
1608 1657 1879 1741 seculo,
1923 1678 2070 1750 quo
2113 1661 2470 1728 nostrates
2518 1654 2889 1750 Europam
2938 1657 3302 1728 celeberri-

509 1795 628 1844 ma
660 1795 834 1845 suae
864 1774 1155 1866 pietatis
1185 1771 1382 1845 fama
1421 1773 1913 1864 repleverant:
1963 1771 2211 1865 itaque
2250 1781 2427 1844 tunc
2470 1769 2856 1856 Fursaeus,
2902 1771 3295 1853 Foillanus‚

513 1887 826 1962 Ultanus
877 1899 1084 1962 extra
1129 1889 1464 1982 patriam,
1515 1888 1711 1960 domi
1763 1909 1934 1984 vero
1983 1909 2129 1958 non
2187 1889 2428 1981 minus
2487 1888 2827 1984 insignes,
2888 1887 3300 1970 Connanus,

513 2003 979 2088 Chroniacus,
1011 2001 1340 2088 Dimaus,
1384 2001 1810 2086 Damianus,
1857 2013 1929 2075 et
1971 2001 2381 2098 Bigitanus,
2429 2023 2675 2077 omnes
2719 2004 3101 2097 episcopali
3145 2004 3303 2098 dig-

512 2122 742 2192 nitate
789 2143 874 2190 ac
920 2118 1114 2192 vitae
1163 2117 1544 2191 sanctitate
1589 2119 2054 2210 perillustres.
2159 2115 2261 2190 Η.
2297 2115 2649 2190 Boethius
2696 2116 2881 2192 libro
2934 2138 3050 2191 lx.
3099 2117 3295 2192 Hist.

510 2235 700 2307 Soet.
725 2257 892 2331 pag.
920 2249 1266 2307 cmxxvi
1350 2233 1469 2306 Jo.
1497 2231 1838 2306 Iaeslaeus
1861 2235 2575 2330 iib.1·V.pag.c1.1x.
2614 2234 2803 2308 Ubi
2828 2245 3070 2308 tamen
3094 2233 3298 2332 Bigi-

507 2363 722 2424 tanus
771 2350 1198 2444 episcopalia
1245 2351 1496 2422 munia
1541 2349 1622 2422 in
1669 2346 1911 2423 Scotia
1956 2351 2377 2434 exercuerit,
2434 2353 2831 2436 incertum3
2864 2359 3071 2444 puto
3126 2353 3301 2446 quia

508 2476 740 2538 aetate
773 2466 898 2538 illa
927 2465 1124 2538 nulli
1142 2475 1376 2596 certae
1417 2465 1698 2537 civitati
1742 2465 2234 2560 episcoporum
2282 2487 2457 2538 cura
2499 2464 2813 2561 alligata.
2918 2464 3299 2561 Scripsisse

507 2580 922 2673 perhibetur
1198 2599 1204 2604 ·

799 2696 913 2770 De
945 2697 1344 2795 Religionis
1378 2699 1571 2794 apud
1605 2698 1853 2773 Scotos
1887 2699 2329 2796 Progressu
2584 2696 2709 2770 lib.
2748 2715 2801 2770 1.

801 2812 1168 2907 Epistolas
1200 2816 1295 2886 ad
1312 2817 1564 2889 v'a'rias
1597 2814 1954 2888 Ecclesias
2582 2813 2705 2886 lib.
2744 2831 2797 2884 1.
2928 2871 2933 2876 .
3010 2825 3015 2835 ·

601 2929 886 3004 Floruit
919 2952 1107 3003 anno
1141 2943 1484 3004 Dcnxrv.
1539 3017 1550 3030 ο
1587 2929 1871 3003 Colitur
1899 2929 2019 3003 die
2052 2947 2197 3002 xv,
2226 2929 2583 3006 sannen-ii.

1241 3161 1530 3236 anso
1581 3179 1698 3236 m:
1749 3160 2299 3238 BENHYEM.
2406 3168 2571 3244 191.
2674 3107 2677 3110 ⁷

499 3397 574 3466 H
582 3411 751 3466 uuo
783 3397 874 3468 de
906 3393 1303 3488 Benhyem,
1319 3393 1796 3467 ¹Aberdoniae
1827 3396 2201 3490 episcopus
2238 3415 2355 3469 xl.
2401 3397 2677 3471 Romae
2712 3423 2757 3470 a
2792 3398 3111 3471 Martino
3150 3397 3281 3468 IV.

499 3511 834 3603 pontifice
885 3512 1385 3609 inauguratus,
1434 3520 1597 3603 post
1647 3531 1918 3583 annum
1967 3512 2047 3583 in
2095 3511 2407 3584 Scotiam
2460 3513 2689 3585 redux
2746 3535 3040 3609 gravem
3099 3515 3290 3584 inter

491 3629 843 3719 populum
892 3642 966 3700 et
1014 3629 1282 3699 clerum
1331 3629 1888 3700 controversiam
1937 3627 2028 3698 de
2075 3627 2393 3709 decimis,
2443 3639 2815 3718 praesente
2862 3650 3051 3723 rege,
3102 3651 3289 3698 com-

495 3743 760 3832 posuit,
797 3765 877 3814 ae
909 3763 1160 3814 causas
1191 3739 1482 3814 futurae
1515 3742 1976 3814 dissensionis
2009 3743 2297 3834 penitus
2320 3743 2645 3815 sustulit.
2704 3779 2721 3810 .·
2750 3742 3071 3836 Scripsit,
3100 3746 3285 3815 utin

498 3859 650 3928 vita
684 3859 840 3950 ejus
874 3857 1200 3941 habetur,

795 3971 1356 4044 Provincialium
1389 3973 1841 4046 Statutorum
1875 3973 2291 4046 Sanctiones
2584 3976 2707 4048 lib.
2746 3993 2796 4046 1.

795 4085 1044 4159 Novas
1077 4085 1602 4181 Episcoporum
1640 4088 2186 4185 Praerogativas
2582 4091 2705 4163 lib.
2744 4111 2795 4161 1.

595 4201 948 4275 Catarrho
997 4199 1353 4274 defluente
1399 4205 1795 4276 exstinctus
1843 4209 1954 4276 e'st
2001 4227 2192 4278 anno
2246 4223 2492 4278 xxix.
2543 4205 2939 4280 Alexandri
2992 4203 3133 4276 111.
3186 4229 3292 4277 re·

493 4323 627 4414 gis,
661 4319 1018 4389 humanae
1049 4317 1304 4390 salutis
1337 4317 1899 4414 [sicennam]

1283 4515 1335 4588 J
1335 4515 1735 4589 ACOBUS
1786 4516 2221 4591 BRUNUS.
2328 4525 2495 4602 192.

490 4664 540 4732 J
543 4681 855 4736 Aconus
897 4663 1218 4751 Brunus,
1270 4647 1829 4739 Aberdoniensis
1877 4669 2206 4740 ecclesiae
2252 4671 2581 4754 decanus,
2629 4672 2847 4742 sacris
2894 4672 3119 4743 literis
3166 4692 3284 4739 ex-

489 4780 952 4864 cultissirnus,
986 4781 1273 4874 scripsit
3310 4791 3319 4798 ’

1799 4959 1804 4964 .
1899 4915 1942 4966 r

2518 4951 2575 5029 Χ
