4384 5817
1261 613 1621 684 GENTIS
1665 609 2224 696 scoTORUM,
2272 610 2453 680 LIB.
2501 611 2592 680 11.
3243 617 3332 684 83

522 815 669 885 tor'
702 809 973 908 regins,
1037 807 1129 878 de
1190 803 1593 878 Nobilitate
1654 823 1811 896 cap.
1882 817 2127 876 mr.
2192 823 2498 874 numero
2561 817 2892 878 cccxvt.
2967 801 3322 900 sigebert.

520 925 979 1000 Gemblacen.
1003 923 1083 995 in
1108 919 1467 995 Chronico
1489 918 1586 990 ad
1606 939 1881 990 annum
1904 935 2212 990 nxvm.
2273 926 2320 961 ‘⁶
2341 915 2578 1013 Virgo.
2597 917 2738 992 Dei
2763 916 3088 1014 Brigitta
3111 917 3324 996 Scota

525 1041 707 1114 obiit
738 1042 819 1112 in
850 1037 1159 1112 Scotia.”
1230 1033 1579 1128 Aequalis
1602 1033 1749 1107 fnit
1770 1031 1845 1105 S.
1874 1031 2288 1106 Benedictu-
2361 1031 2546 1106 Ant.
2579 1030 2968 1106 Sabellicus
2993 1032 3321 1110 Ennead.

525 1171 707 1228 vul.
730 1155 851 1227 lib.
872 1170 963 1226 11.
992 1162 1039 1196 ‘⁶
1058 1151 1235 1224 Fuit
1256 1151 1323 1223 ei
1351 1149 1457 1242 (S.
1480 1147 1905 1242 Benedicta)
1922 1149 2242 1240 aequalis
2261 1147 2570 1245 Brigida
2591 1148 2668 1218 in
2691 1147 2932 1221 Scotia
2953 1157 3146 1234 nata,
3171 1173 3324 1224 cae·

524 1280 763 1344 terum
796 1269 1179 1342 sanctitate
1210 1265 1581 1361 insignis.”
1682 1263 2009 1356 Raphael
2030 1261 2551 1336 Volaterranum
2575 1262 2699 1336 lib.
2729 1281 2910 1336 xxr.
2945 1263 3323 1342 Commen-

522 1386 872 1458 tariorum
902 1403 1074 1479 pag.
1110 1397 1489 1454 DcxxxV.
1542 1388 1589 1424 ‘⁶
1614 1378 1793 1452 Fuit
1826 1387 1903 1450 et
1932 1378 2165 1450 altera
2190 1378 2500 1474 Brigida
2531 1378 2762 1474 virgo,
2793 1377 3011 1454 Senta
3038 1401 3322 1476 genere,

525 1500 661 1574 snb
690 1497 974 1572 Joanne
1007 1497 1070 1569 1.
1102 1517 1295 1570 anno
1328 1496 1611 1568 nxx1.”
1708 1491 1835 1566 Ex
1864 1515 2011 1588 quo
2042 1499 2244 1586 patet
2273 1492 2458 1566 falso
2489 1493 2896 1570 Gilbertnm
2927 1495 3324 1570 Genebrar·

522 1615 701 1688 dum
748 1613 1137 1687 affirmasse
1184 1613 1485 1686 eandem
1535 1611 1737 1684 illam
1784 1629 1939 1682 esse
1984 1631 2153 1682 eum
2199 1607 2492 1704 Brigita
2537 1610 2824 1684 ducissa
2869 1609 3196 1684 Neritiae
3241 1614 3324 1688 in

522 1729 783 1816 Scotia,
814 1751 1003 1824 qaae
1032 1739 1109 1802 et
1140 1729 1365 1802 vidua
1384 1727 1553 1812 fuit,
1576 1749 1743 1799 cum
1774 1725 1949 1798 hacc
1976 1731 2231 1798 nostra
2259 1725 2359 1799 sit
2389 1725 2644 1822 virgo;
2677 1727 2928 1800 multis
2950 1727 3326 1820 posthanc

522 1847 781 1920 seculis
812 1867 901 1918 ea
930 1844 1213 1930 chnut,
1242 1843 1515 1916 scilicet
1544 1863 1735 1914 anno
1768 1857 2190 1914 xchxnl.
2235 1839 2638 1914 coaetanea
2676 1841 2898 1914 etiam
2941 1843 3120 1918 haec
3161 1866 3326 1918 nos—

522 1969 639 2033 tra
668 1959 748 2032 8.
781 1959 1121 2044 Patricio,
1144 1959 1535 2052 eodemque
1556 1958 1735 2041 loco,
1760 1955 1965 2028 Dani
1984 1955 2279 2041 scilicet,
2303 1977 2452 2028 una
2479 1977 2649 2028 cum
2677 1978 2766 2028 eo
2795 1959 3122 2049 eepulta:
3155 1960 3324 2032 licet

522 2073 845 2148 canonici
876 2073 1363 2148 Abrenethaei
1404 2095 1483 2144 se
1524 2073 1791 2146 habere
1834 2072 2031 2144 illius
2074 2091 2362 2143 sacrum
2403 2091 2662 2164 corpus
2703 2071 2786 2146 in
2829 2071 3000 2146 Fif-
3041 2073 3323 2148 Sootiae

524 2191 1028 2274 existimarint,
1060 2197 1147 2262 ut
1179 2211 1272 2260 ex
1302 2187 1482 2260 actis
1514 2188 1709 2260 illius
1742 2186 2071 2259 ecclesiae
2102 2187 2354 2258 retulit
2385 2183 2726 2260 Leslaeus
2765 2187 2848 2259 in
2891 2189 3046 2262 loco
3077 2189 3324 2261 lauda·

528 2315 628 2390 to,
670 2315 913 2378 tamen
952 2327 1089 2400 pro
1134 2303 1631 2377 Hiber-norum
1674 2301 2033 2374 sententia
2072 2309 2274 2374 stant
2311 2303 2594 2398 vulgati
2637 2323 2911 2388 versus,
2943 2324 2990 2376 a
3022 2302 3320 2378 Giraldo

522 2417 945 2494 Cambrensi
976 2420 1185 2493 relati
1216 2417 1343 2490 lib.
1383 2436 1477 2490 11.
1508 2415 2061 2514 Topographiae
2096 2415 2492 2490 Hiberniae
2524 2439 2680 2511 cap.
2715 2435 3022 2492 xxx1x.

1126 2607 1216 2668 Hi
1240 2619 1363 2670 tres
1388 2609 1453 2668 in
1479 2607 1662 2669 Dano
1686 2605 1916 2668 tumulo
1941 2605 2313 2669 tumulantur
2337 2607 2402 2670 in
2423 2625 2560 2678 uno,

1202 2701 1463 2783 Brigida,
1490 2699 1797 2771 Patricius,
1824 2711 2002 2782 atque
2028 2701 2311 2762 Columba
2336 2701 2488 2782 pius.

538 2933 549 2940 -
620 2883 899 2960 Verum
946 2883 1347 2958 audiendus
1397 2879 1501 2953 H.
1550 2879 1901 2954 Boethius
1948 2881 2075 2956 lib.
2130 2899 2248 2954 xx.
2309 2881 2508 2955 Hist-
2557 2881 2752 2957 Scot.
2804 2907 2969 2982 pag.
3022 2901 3316 2960 envm.

524 3011 569 3048 ‘⁶
598 3000 803 3075 Inter
825 2995 1187 3074 nostrates
1212 2995 1541 3094 Brigidm
1564 2996 2018 3070 sanctissima
2039 2995 2248 3092 virgo
2269 3015 2292 3069 t
2322 2995 2520 3081 haec,
2545 3013 2720 3070 xlv.
2743 3019 2934 3072 anno
2960 3001 3088 3072 vix
3109 3019 3320 3094 supe-

522 3127 703 3202 rato,
736 3117 829 3188 ad
860 3115 1335 3188 Sodomsem
1372 3113 1785 3206 episcopum
1817 3111 1897 3182 in
1930 3109 2232 3183 Monam
2261 3112 2572 3184 insulam
2609 3111 2860 3209 (hujus
2881 3121 3126 3187 autem
3151 3115 3318 3198 vir-i,

522 3232 736 3305 sicuti
769 3231 1077 3304 aliorum
1108 3227 1609 3321 complurium,
1642 3233 2003 3299 vetustate
2034 3227 2350 3299 nominis
2391 3229 2738 3300 memoria
2777 3229 2995 3320 periit
3019 3228 3318 3322 (revera

520 3358 767 3420 tamen
798 3345 1145 3418 Machina
1176 3343 1575 3439 dicebatur)
1618 3341 1939 3437 paternis
1972 3340 2308 3426 formnis,
2341 3363 2528 3435 quae
2567 3343 3047 3435 amplissimae
3091 3355 3320 3427 erant,

522 3463 975 3556 contemptis,
1008 3459 1325 3558 aufugit,
1358 3459 1689 3552 precibus
1729 3478 1879 3530 non
1908 3455 2065 3528 sine
2094 3457 2486 3551 lachrymis
2517 3467 2788 3551 petens,
2821 3467 2908 3530 ut
2921 3467 3320 3551 perpetuae

522 3577 931 3675 virginitati
960 3574 1331 3669 pontificia
1360 3573 1805 3648 authoritate
1834 3572 2306 3644 addiceretur.
2383 3573 2726 3646 Pontifex
2747 3581 3108 3671 acceptam
3133 3573 3320 3646 mira

524 3691 971 3787 benignitate
1010 3689 1389 3788 Brigidam
1441 3689 1797 3786 virginem
1840 3687 1999 3760 Deo
2038 3688 2373 3773 sacravit,
2417 3689 2754 3781 deditque
2795 3697 2882 3761 ut
2923 3687 3086 3762 alba
3127 3689 3321 3760 tuni-

520 3829 605 3880 ca
638 3813 929 3878 scortea
966 3805 1391 3878 intercincta
1428 3825 1615 3877 aona
1652 3811 2003 3886 uteretur,
2052 3811 2472 3898 tegumento
2515 3803 2770 3896 capitis
2817 3803 2970 3875 lino
3013 3803 3318 3876 canden-

526 3921 587 3993 ti
618 3922 997 4015 quadrato,
1032 3944 1077 3992 a
1108 3920 1381 3992 cervice
1411 3921 1507 3991 ad
1538 3917 1877 3991 humeros
1909 3919 2206 4013 dejecto.
2289 3915 2572 3991 Effecta
2601 3927 2714 3990 est
2743 3919 3064 4014 ejzudem
3097 3919 3318 4014 virgi-

522 4037 637 4110 nis
670 4035 765 4107 ad
796 4035 1291 4128 posteritatem
1330 4035 1427 4107 ob
1472 4036 1815 4128 pietatem
1856 4032 2216 4128 insignem
2259 4033 2554 4108 celebris
2597 4035 2776 4106 adeo
2819 4035 3184 4119 memoria,
3227 4045 3316 4108 at

522 4151 743 4236 Scoti,
778 4149 993 4234 Picti,
1029 4149 1428 4234 Hibernici,
1460 4159 1535 4223 et
1564 4149 1692 4244 qui
1724 4149 1869 4220 illis
1902 4147 2240 4243 gentibus
2284 4151 2558 4222 vicinas
2597 4149 2872 4223 habent
2897 4150 3122 4234 sedes,
3157 4147 3318 4224 An·

519 4271 646 4366 gli,
694 4287 857 4340 eam
902 4265 1095 4338 inter
1138 4265 1489 4340 foeminas
1524 4285 1707 4358 quas
1741 4263 2155 4336 Christiana
2184 4265 2479 4338 ecelesia
2509 4266 2588 4336 in
2615 4273 3028 4338 sanctorum
3061 4285 3316 4338 nume-

522 4403 687 4455 rum
710 4379 983 4464 retulit,
1008 4381 1399 4453 secundum
1420 4379 1809 4472 Deiparam
1830 4375 2212 4474 Virginem
2231 4379 2614 4473 praecipua
2631 4401 2910 4474 semper
2931 4379 3318 4454 habuerint

523 4497 1004 4570 veneratione.
1054 4493 1736 4590 -Templa-Brigidae
1756 4495 2033 4566 nomini
2056 4495 2250 4568 inter
2269 4495 2404 4568 hos
2423 4497 2724 4588 populos
2745 4515 2967 4580 sacra,
2990 4503 3167 4589 quot
3188 4495 3318 4566 vix

524 4611 831 4708 alicujus
860 4611 1217 4696 divorum,
1250 4610 1478 4706 hujus
1504 4609 1615 4682 rei
1642 4617 1839 4681 certa
1868 4617 2043 4682 sunt
2074 4610 2400 4682 indicia.”
2501 4610 2726 4683 Plura
2757 4611 3014 4683 deinde
3041 4611 3134 4682 de
3163 4629 3318 4682 cor-

522 4745 719 4819 pore.
769 4724 1077 4798 Araold.
1102 4723 1449 4798 Mirman.
1476 4723 1799 4798 Theatro
1818 4721 2163 4798 eumn.
2190 4721 2404 4800 Gent.
2431 4735 2480 4770 ⁸⁶
2497 4725 2574 4798 S.
2600 4725 2906 4823 Brigida
2927 4748 3012 4798 eo
3035 4747 3214 4797 aevo
3235 4725 3314 4796 in

526 4839 766 4916 Scotia
796 4863 1005 4916 rarae
1033 4841 1627 4940 prodigiosaeque
1656 4839 2121 4914 sanctitatis.”
2219 4839 2627 4916 chronicon
2658 4840 3080 4914 Coloniense
3119 4840 3318 4934 apud
