4384 5817
1173 569 1529 640 GENTIS
1572 559 2366 648 scoToRUM,L113.
2415 569 2510 638 11.
3161 569 3250 640 99

540 761 716 835 Alio
746 779 967 838 sensu
993 759 1415 836 Joachimus
1444 757 1755 833 Wolfius
1786 757 2191 832 Germanus
2223 760 2382 854 ejus
2415 749 2826 832 facundiam
2859 758 3160 832 extulit:

1048 955 1339 1018 Exeulm
1360 963 1517 1016 artes
1540 971 1729 1034 nuper
1752 953 1876 1014 nol·
1902 951 2057 1014 lala
2078 951 2260 1014 tellus

1130 1050 1232 1111 Cis
1256 1047 1445 1130 Alpes
1468 1048 1659 1130 patrio
1682 1057 1775 1110 est
1798 1066 1941 1110 ause
1967 1057 2169 1110 tenere
2192 1045 2332 1110 solo.

1051 1141 1169 1205 Sed
1195 1143 1415 1205 simul
1396 1143 1627 1225 iinperii
1652 1141 1925 1204 transivit
1949 1141 2151 1222 gloria,
2179 1142 2390 1205 Musae

1136 1239 1447 1300 Mutua-unt
1470 1237 1657 1310 sedes,
1683 1237 2115 1319 eloquiumque,
2142 1256 2278 1298 suas
2295 1259 2313 1296 ε

1052 1332 1323 1414 Occupat
1346 1332 1455 1394 hs·
1481 1331 1707 1394 Hector
1730 1331 1960 1394 boreale
1986 1327 2278 1394 Boethius
2293 1351 2410 1400 ors,

1130 1427 1525 1509 Captivesque
1546 1447 1657 1490 sus.
1678 1427 1791 1490 sub
1814 1425 2039 1490 ditione
2060 1437 2247 1490 tenet·

1058 1522 1132 1584 In
1158 1521 1413 1584 Sentium
1436 1521 1490 1583 si
1512 1521 1599 1584 sic
1622 1521 2105 1602 tnnnnigravere
2130 1522 2472 1592 Cannense,

1130 1613 1309 1678 Forte
1333 1615 1475 1678 olim
1500 1615 1733 1698 imperii
1758 1626 1987 1698 scepta-s
2008 1615 2181 1678 beate
2207 1615 2460 1678 trahent.

548 1800 885 1876 Hectoris
916 1818 1090 1872 vero
1121 1796 1353 1870 nostri
1383 1795 1559 1870 haec
1590 1795 1741 1869 fere
1772 1793 2135 1890 publicata
2166 1804 2362 1878 sunt,
2411 1815 2540 1868 nec
2583 1805 2826 1870 tamen
2871 1799 3112 1871 omnia
3159 1801 3248 1870 ad

450 1937 579 1987 nos
612 1922 1096 2010 pervenerunt
1118 1935 1142 1984 ε

752 2028 1139 2124 Catalogus
1173 2025 1460 2124 Regum
1492 2025 1772 2100 Scotiae
2540 2027 2666 2100 lib.
2705 2046 2758 2100 1.

746 2141 1156 2236 Descriptio
1186 2141 1428 2239 Regni
1460 2141 1743 2216 Scotiae
2539 2135 2664 2214 lib.
2702 2159 2754 2214 1.

746 2257 1167 2332 Pareenesis
1220 2251 1312 2332 de
1378 2255 1757 2332 Scotorum
1812 2255 2067 2349 priscis
2124 2256 2564 2332 recentibus-

844 2395 986 2468 que
1017 2372 1389 2448 Institutis
1419 2383 1495 2445 et
1527 2371 1861 2447 Moribus
2473 2373 2662 2445 lib.
2701 2391 2756 2445 1.

746 2477 1099 2564 Recensio
1148 2489 1239 2562 de
1294 2486 1495 2562 Sen'e
1550 2487 1863 2585 Regum,
1912 2509 1997 2562 ac
2047 2485 2569 2562 vicissitudine

846 2603 1325 2698 Imperiorum
1359 2602 1807 2689 Britanniae,
2539 2603 2666 2676 lib.
2703 2623 2755 2675 1.

746 2719 1157 2818 Regionum
1206 2725 1283 2792 et
1322 2717 1778 2814 oppidorum
1824 2741 1955 2814 per
1996 2727 2227 2793 totam
2273 2716 2564 2792 Britan·

849 2835 1047 2908 niam
1080 2843 1325 2908 vetera
1356 2844 1430 2908 et
1460 2854 1653 2907 nova
1684 2831 2005 2907 Nomina
2539 2833 2662 2907 lib.
2701 2852 2754 2907 1.

753 2949 1123 3024 Historiae
1154 2947 1475 3024 Senticae
2542 2949 2667 3024 lib.
2705 2965 2914 3024 xv11.

748 3063 1099 3163 Ejusdem
1136 3065 1508 3142 Historiae
1538 3066 1664 3139 lib.
1704 3079 1793 3138 11.
1827 3064 2059 3138 additi
2094 3086 2141 3137 a
2172 3063 2527 3140 Ferret-io.

752 3181 867 3254 De
897 3179 1506 3278 Navigationibus
2543 3181 2668 3254 lib.
2705 3199 2760 3253 1.

754 3295 1377 3370 Aberdonensium
1408 3293 1847 3370 Pontificum
1883 3293 2147 3369 Vitae:
2183 3296 2292 3370 ita
2321 3297 2476 3392 ipse
2507 3299 2718 3372 vocat
2749 3295 2870 3370 lib.
2905 3315 3020 3371 lx.
3061 3295 3254 3370 Hist.

848 3433 1015 3507 pag.
1050 3427 1391 3484 ccxnvl.

751 3525 1129 3600 Sermones
1161 3534 1235 3599 et
1266 3523 1617 3600 Maurae
2547 3528 2670 3602 lib.
2711 3547 2762 3600 1.

752 3640 1135 3716 Orationes
2550 3644 2675 3717 lib.
2711 3663 2764 3714 1.

753 3754 1127 3850 Epistolae
1158 3756 1807 3851 eloquentissimae,
1839 3757 1947 3830 ait
1978 3757 2312 3841 Bulaeus,
2543 3758 2670 3832 lib.
2711 3776 2762 3830 1.
2823 3777 2828 3782 ·

556 3871 727 3945 Nou
758 3869 1397 3964 possum'transine
1424 3889 1715 3946 carmen
1742 3871 1997 3946 sedeci
2030 3870 2248 3944 Badii
2283 3871 2660 3947 Asoensiiz

1058 4013 1379 4076 Hectoreas
1403 4024 1557 4076 artes
1580 4013 1684 4098 qui
1712 4015 1895 4078 Marti
1920 4015 2220 4098 adjudicat
2243 4037 2461 4089 omnes,

1146 4107 1345 4180 Errat,
1372 4119 1437 4172 et
1460 4120 1553 4172 est
1576 4109 1745 4172 Clius
1770 4111 1999 4173 Hector
2022 4111 2119 4173 hic
2144 4121 2272 4174 arte
2295 4124 2518 4194 potens.
2625 4157 2634 4166 .

932 4263 963 4272 ..
1060 4203 1299 4274 ‚Seilioet
1321 4203 1614 4274 h'ntoeiae,
1644 4204 1897 4288 Livique
1920 4204 2097 4268 decus
2124 4206 2416 4277 Patavini,

1138 4297 1470 4380 lacteaque
1495 4299 1572 4361 ad
1598 4297 1799 4364 Scotos
1822 4299 2095 4363 transtuli
2098 4311 2127 4362 t
2150 4301 2396 4382 eloquis.

562 4445 843 4520 Ferunt
893 4468 1041 4520 non
1082 4445 1535 4520 mediocriter
1582 4447 1915 4544 adjutum
1965 4471 2009 4521 a
2054 4448 2370 4543 quodam
2419 4451 2694 4525 medico
2742 4452 3261 4541 Aberdonensi,

467 4561 887 4653 praesertim
916 4561 997 4633 in
1030 4561 1339 4636 texenda
1372 4561 1722 4636 Historia.

562 4675 905 4752 Florebat
952 4683 1029 4750 et
1074 4675 1431 4751 scribebat
1480 4699 1671 4752 anno
1720 4697 2091 4754 lunxxvl.
2144 4683 2432 4775 quando
2481 4683 2760 4768 obierit,
2813 4705 2958 4760 non
2990 4667 3261 4779 reperi.

469 4789 681 4864 Illum
748 4813 921 4866 sane
984 4789 1341 4890 Georgius
1406 4791 1890 4870 Buchananus
1956 4794 2244 4892 oblique
2310 4799 2756 4898 perstringit,
2817 4821 2902 4873 ae
2957 4801 3260 4874 subinde
