4384 5817
1245 523 1602 594 GENTlS
1627 521 2209 603 scoToRUM,
2258 521 2439 590 LIB.
2488 522 2619 590 ΠΙ.
3201 521 3329 586 183

1061 713 1214 784 Sors,
1243 715 1346 775 ubi
1370 711 1616 774 maturis
1641 709 1880 770 accessit
1904 709 2080 770 robur
2104 710 2178 770 ab
2203 709 2391 782 annis,

1035 799 1042 804 ’
1143 807 1398 870 Addidit
1421 817 1486 868 et
1509 806 1674 868 dotes
1698 804 1998 865 ambitiosa
2022 823 2172 864 suas.

1059 901 1180 964 Sed
1203 902 1314 963 sibi
1339 901 1621 984 praeferri
1650 899 1948 959 Virtutem
1974 897 2142 968 irata,
2170 895 2381 958 doloris

1137 997 1356 1076 Exegit
1381 1017 1614 1077 poenas,
1639 992 1870 1054 vindice
1895 1003 2080 1052 morte
2107 992 2219 1052 sui.

1061 1090 1126 1152 si
1151 1111 1423 1158 numeres
1447 1111 1646 1160 annos,
1673 1087 1883 1150 cecidit
1909 1087 2151 1148 florente
2169 1087 2437 1165 juventa,

1140 1185 1206 1246 Si
1231 1186 1445 1258 studia,
1471 1196 1536 1248 et
1559 1204 1767 1255 mores,
1792 1194 1856 1244 et
1879 1181 2205 1252 benefacta,
2232 1199 2429 1242 senex.

640 1403 895 1475 Edidit
927 1403 1154 1487 varia,
1189 1404 1314 1474 sed
1347 1424 1482 1498 ego
1513 1410 1804 1474 tantum
1840 1400 1990 1470 vidi

835 1516 1300 1590 Itinerarium
1334 1517 1612 1590 Galliae
1643 1515 2082 1611 Sequanicae
2262 1513 2389 1585 lib.
2426 1532 2479 1584 1.
2513 1512 2785 1607 prodiit
2819 1513 3141 1584 Parisiis.

837 1631 1342 1705 Helvetiorum
1375 1634 1620 1706 Mores
2265 1629 2392 1702 lib.
2429 1648 2483 1701 1.
2543 1627 2704 1700 MS.
2759 1628 2840 1699 in
2891 1627 3318 1700 bibliotheca

929 1747 982 1819 J
983 1747 1184 1820 acobi
1219 1747 1627 1845 Bongarsii.

838 1863 1135 1960 Elegiae
2263 1863 2391 1934 lib.
2429 1881 2481 1934 1.
2516 1861 2939 1953 prodierunt
2961 1859 3332 1957 Lugduni.

589 2035 596 2045 .
637 1981 844 2053 Obiit
876 2001 1068 2052 anno
1101 1980 1358 2052 aetatis
1393 1997 1597 2050 xxv·
1630 1981 1758 2050 sal.
1798 1995 2205 2050 MDLxxlt.
2240 1979 2599 2050 incertum
2630 1977 2780 2048 ubi.

1185 2209 1736 2283 PATmcms
1785 2207 2416 2283 cocBURNUS.
2519 2213 2689 2310 320.

546 2445 995 2516 Pumcms
1031 2443 1476 2528 Cocburnus,
1512 2444 1806 2539 gentilis
1833 2443 2151 2527 alterius,
2184 2441 2525 2515 Lutetiae
2556 2442 2777 2543 etiam
2807 2441 3033 2516 trium
3056 2443 3341 2538 lingua,

545 2581 709 2631 rum
757 2560 1020 2652 peritia
1063 2561 1523 2646 inclaruerat,
1572 2559 1906 2643 Graecae,
1951 2557 2281 2642 Latinae,
2330 2558 2753 2646 Hebraicae,
2804 2567 2892 2631 ut
2940 2581 3206 2652 paucos
3256 2583 3343 2631 ea

545 2685 968 2768 tempestate
999 2699 1208 2770 pares
1241 2677 1322 2746 in
1355 2675 1678 2768 Europa,
1711 2675 1980 2746 nedum
2011 2674 2094 2746 in
2137 2672 2397 2760 Gallia,
2442 2675 2761 2748 haberet.
2809 2673 3189 2749 Professus
3232 2687 3343 2748 est

547 2813 812 2887 magna
843 2792 1060 2877 fama,
1094 2802 1169 2864 et
1203 2793 1484 2863 erudite
1519 2792 1806 2884 scripsit

841 2907 956 2978 De
989 2908 1274 3003 vulgari
1307 2929 1549 2980 sacrae
1580 2905 1994 2997 scripturae
2027 2905 2289 2978 Plu-asi
2432 2905 2559 2978 lib.
2594 2923 2649 2980 1.

841 3022 955 3095 De
987 3023 1439 3095 Excellentia
1472 3020 1698 3095 Verbi
1731 3019 1869 3092 Dei
2432 3023 2557 3094 lib.
2596 3040 2649 3095 1.

843 3137 1296 3212 De·Peccato
1328 3139 1409 3210 in
1441 3136 1798 3230 Spiritum
1829 3135 2175 3208 Sanctum
2432 3138 2559 3208 lib.
2596 3155 2649 3209 1.

707 3328 719 3339 ,
840 3251 1210 3346 Epistolas
1353 3275 1360 3282 ·
2434 3253 2560 3324 lib.
2599 3271 2652 3324 1.

843 3367 1226 3442 Orationes
2442 3368 2567 3440 lib.
2604 3386 2657 3439 1.
2720 3368 2971 3442 Prima
3007 3374 3349 3463 opuscula

941 3488 1135 3579 apud
1170 3487 1574 3559 Robertum
1607 3483 2047 3558 Gravionem
2081 3481 2383 3556 Parisiis
2417 3484 2863 3575 prodierunt.

565 3653 575 3662 ·
647 3601 974 3678 Docebat
1005 3624 1197 3676 anno
1234 3619 1480 3674 unm.

1493 3831 2134 3908 COROVANUS.
2234 3837 2404 3907 321.

551 4067 1080 4150 GonovANUS,
1148 4071 1366 4158 poeta
1437 4073 1724 4140 nostras
1799 4065 2357 4152 vetustissimus,
2447 4067 2717 4139 scilicet
2798 4089 2891 4138 ex
2966 4066 3354 4140 bardorum

550 4205 832 4277 genere,
899 4182 988 4252 de
1045 4203 1191 4274 quo
1219 4183 1488 4252 ‚locum
1543 4180 1960 4253 Adamanni
2018 4180 2307 4252 Coludii
2374 4181 2569 4256 Scoti
2635 4182 2764 4256 lib.
2828 4200 2882 4253 1.
2937 4183 3026 4254 de
3088 4181 3350 4255 Sancto

551 4295 999 4368 Columbano
1045 4294 1260 4367 Seoto
1303 4317 1469 4390 pag.
1507 4312 1736 4366 DLVI.
1785 4303 1832 4338 “
1866 4296 2039 4367 Alio
2072 4305 2395 4389 tempore
2428 4320 2591 4369 cum
2626 4307 2917 4370 sanctus
2949 4320 3173 4391 prope
3206 4308 3351 4370 sta-

551 4433 781 4506 gnum
814 4409 968 4494 Cei,
992 4411 1211 4506 juxta
1244 4411 1512 4485 ostium
1545 4409 1887 4497 fluminis,
1921 4412 2116 4505 quod
2148 4410 2435 4484 Latinis
2460 4413 2611 4486 Bos
2636 4414 2923 4500 dicitur,
2962 4415 3079 4485 die
3111 4414 3355 4506 aliqua

552 4549 718 4598 cum
749 4525 1098 4598 tratribus
1133 4527 1431 4608 sederet,
1465 4526 1759 4618 quidam
1793 4528 1887 4598 ad
1920 4549 2040 4598 eos
2073 4525 2395 4600 Scoticus
2426 4538 2640 4622 poeta
2673 4530 2985 4613 devenit,
3028 4529 3157 4622 qui
3188 4550 3353 4600 cum

551 4650 716 4732 post
736 4642 1052 4734 aliquam
1069 4640 1472 4712 recessisset
1485 4641 2170 4727 sermocinationem,
2189 4641 2450 4718 fratres
2468 4646 2563 4715 ad
2580 4654 2931 4731 sanctum,
2954 4667 3105 4729 cur,
3124 4644 3353 4728 aiunt,-

551 4777 596 4828 a
625 4757 833 4830 nobis
865 4757 1315 4853 regrediente
1347 4755 1726 4830 Corovano
1757 4758 2050 4850 aliquod
2082 4780 2255 4834 suae
2294 4761 2473 4834 artis
2516 4762 2876 4835 canticum
2918 4783 3065 4835 non
3108 4769 3353 4854 postu-

1863 4877 1910 4944 2
1946 4889 1994 4944 B
