<?xml version="1.0" encoding="UTF-8"?>
<!DOCTYPE html PUBLIC "-//W3C//DTD XHTML 1.0 Transitional//EN"
    "http://www.w3.org/TR/xhtml1/DTD/xhtml1-transitional.dtd">
<html xmlns="http://www.w3.org/1999/xhtml" xml:lang="en" lang="en">
 <head>
  <title>
</title>
<meta http-equiv="Content-Type" content="text/html;charset=utf-8" />
  <meta name='ocr-system' content='tesseract 3.04.00' />
  <meta name='ocr-capabilities' content='ocr_page ocr_carea ocr_par ocr_line ocrx_word'/>
</head>
<body>
  <div class='ocr_page' id='page_1' title='image "./thomaedempsteri00unkngoog_0215.png"; bbox 0 0 4384 5817; ppageno 0'>
   <div class='ocr_carea' id='block_1_1' title="bbox 1079 538 3103 612">
    <p class='ocr_par' dir='ltr' id='par_1_1' title="bbox 1079 538 3103 612">
     <span class='ocr_line' id='line_1_1' title="bbox 1079 538 3103 612; baseline -0.003 -2"><span class='ocrx_word' id='word_1_1' title='bbox 1079 547 1203 610; x_wconf 88' lang='lat'>150</span> <span class='ocrx_word' id='word_1_2' title='bbox 1843 539 2309 610; x_wconf 82' lang='lat' dir='ltr'><strong>HISTORIA</strong></span> <span class='ocrx_word' id='word_1_3' title='bbox 2354 538 3103 612; x_wconf 86' lang='lat' dir='ltr'><strong>ECCLESIASTICA</strong></span> 
     </span>
    </p>
   </div>
   <div class='ocr_carea' id='block_1_2' title="bbox 1077 729 3857 1056">
    <p class='ocr_par' dir='ltr' id='par_1_2' title="bbox 1077 729 3857 1056">
     <span class='ocr_line' id='line_1_2' title="bbox 1077 729 2707 822; baseline -0.003 -17"><span class='ocrx_word' id='word_1_4' title='bbox 1077 735 1383 815; x_wconf 83' lang='lat' dir='ltr'>titatem,</span> <span class='ocrx_word' id='word_1_5' title='bbox 1409 729 1602 802; x_wconf 83' lang='lat' dir='ltr'>-nihil</span> <span class='ocrx_word' id='word_1_6' title='bbox 1635 731 1728 801; x_wconf 86' lang='lat' dir='ltr'>ad</span> <span class='ocrx_word' id='word_1_7' title='bbox 1755 737 2082 822; x_wconf 86' lang='lat' dir='ltr'>posteros</span> <span class='ocrx_word' id='word_1_8' title='bbox 2115 752 2443 802; x_wconf 82' lang='lat' dir='ltr'>manasse</span> <span class='ocrx_word' id='word_1_9' title='bbox 2476 731 2707 800; x_wconf 88' lang='lat' dir='ltr'>credo.</span> 
     </span>
     <span class='ocr_line' id='line_1_3' title="bbox 1179 843 3857 940; baseline -0.001 -21"><span class='ocrx_word' id='word_1_10' title='bbox 1179 849 1382 920; x_wconf 79' lang='lat' dir='ltr'>Obiit</span> <span class='ocrx_word' id='word_1_11' title='bbox 1413 853 1856 919; x_wconf 65' lang='lat' dir='ltr'>anno-nevi.</span> <span class='ocrx_word' id='word_1_12' title='bbox 1889 848 2213 938; x_wconf 82' lang='lat' dir='ltr'>sepultus</span> <span class='ocrx_word' id='word_1_13' title='bbox 2242 845 2447 918; x_wconf 90' lang='lat' dir='ltr'>Duni</span> <span class='ocrx_word' id='word_1_14' title='bbox 2480 847 2557 915; x_wconf 91' lang='lat' dir='ltr'>in</span> <span class='ocrx_word' id='word_1_15' title='bbox 2594 843 2965 926; x_wconf 78' lang='lat' dir='ltr'><strong>Hibernia,</strong></span> <span class='ocrx_word' id='word_1_16' title='bbox 3014 852 3101 915; x_wconf 87' lang='lat' dir='ltr'>ut</span> <span class='ocrx_word' id='word_1_17' title='bbox 3148 865 3243 914; x_wconf 86' lang='lat' dir='ltr'>ex</span> <span class='ocrx_word' id='word_1_18' title='bbox 3290 845 3588 940; x_wconf 80' lang='lat' dir='ltr'>vulgato</span> <span class='ocrx_word' id='word_1_19' title='bbox 3640 847 3857 938; x_wconf 84' lang='lat' dir='ltr'>epita·</span> 
     </span>
     <span class='ocr_line' id='line_1_4' title="bbox 1078 959 3407 1056; baseline -0.003 -21"><span class='ocrx_word' id='word_1_20' title='bbox 1078 965 1252 1056; x_wconf 89' lang='lat' dir='ltr'>phio</span> <span class='ocrx_word' id='word_1_21' title='bbox 1283 961 1766 1046; x_wconf 85' lang='lat' dir='ltr'>manifestum,</span> <span class='ocrx_word' id='word_1_22' title='bbox 1800 961 2006 1056; x_wconf 86' lang='lat' dir='ltr'>cujus</span> <span class='ocrx_word' id='word_1_23' title='bbox 2037 959 2251 1032; x_wconf 87' lang='lat' dir='ltr'>fidem</span> <span class='ocrx_word' id='word_1_24' title='bbox 2282 959 2641 1032; x_wconf 87' lang='lat' dir='ltr'>infirmam</span> <span class='ocrx_word' id='word_1_25' title='bbox 2670 960 2808 1030; x_wconf 88' lang='lat' dir='ltr'>hoc</span> <span class='ocrx_word' id='word_1_26' title='bbox 2840 981 3051 1051; x_wconf 86' lang='lat' dir='ltr'>opere</span> <span class='ocrx_word' id='word_1_27' title='bbox 3082 959 3407 1052; x_wconf 82' lang='lat' dir='ltr'>probavi.</span> 
     </span>
    </p>
   </div>
   <div class='ocr_carea' id='block_1_3' title="bbox 2031 1188 2909 1262">
    <p class='ocr_par' dir='ltr' id='par_1_3' title="bbox 2031 1188 2909 1262">
     <span class='ocr_line' id='line_1_5' title="bbox 2031 1188 2909 1262; baseline 0 -2"><span class='ocrx_word' id='word_1_28' title='bbox 2031 1188 2104 1260; x_wconf 87' lang='lat' dir='ltr'>S.</span> <span class='ocrx_word' id='word_1_29' title='bbox 2157 1188 2565 1262; x_wconf 88' lang='lat' dir='ltr'><strong>COMINU</strong></span> <span class='ocrx_word' id='word_1_30' title='bbox 2564 1188 2641 1260; x_wconf 91' lang='lat' dir='ltr'>S.</span> <span class='ocrx_word' id='word_1_31' title='bbox 2742 1195 2909 1260; x_wconf 76' lang='lat'><strong>250.</strong></span> 
     </span>
    </p>
   </div>
   <div class='ocr_carea' id='block_1_4' title="bbox 1079 1418 3867 2786">
    <p class='ocr_par' dir='ltr' id='par_1_4' title="bbox 1079 1418 3867 2323">
     <span class='ocr_line' id='line_1_6' title="bbox 1079 1418 3855 1512; baseline -0.001 -18"><span class='ocrx_word' id='word_1_32' title='bbox 1079 1423 1152 1494; x_wconf 88' lang='lat' dir='ltr'>S.</span> <span class='ocrx_word' id='word_1_33' title='bbox 1189 1421 1574 1494; x_wconf 73' lang='lat' dir='ltr'>Columna</span> <span class='ocrx_word' id='word_1_34' title='bbox 1607 1424 1848 1507; x_wconf 75' lang='lat' dir='ltr'><strong>abbaS,</strong></span> <span class='ocrx_word' id='word_1_35' title='bbox 1882 1423 2275 1512; x_wconf 88' lang='lat' dir='ltr'>discipulus</span> <span class='ocrx_word' id='word_1_36' title='bbox 2308 1418 2386 1490; x_wconf 91' lang='lat' dir='ltr'>S.</span> <span class='ocrx_word' id='word_1_37' title='bbox 2408 1419 2818 1504; x_wconf 81' lang='lat' dir='ltr'><strong>Columbae,</strong></span> <span class='ocrx_word' id='word_1_38' title='bbox 2845 1422 2934 1491; x_wconf 87' lang='lat' dir='ltr'>de</span> <span class='ocrx_word' id='word_1_39' title='bbox 2957 1442 3103 1512; x_wconf 89' lang='lat' dir='ltr'>quo</span> <span class='ocrx_word' id='word_1_40' title='bbox 3125 1418 3176 1489; x_wconf 86' lang='lat' dir='ltr'><strong>J</strong></span> <span class='ocrx_word' id='word_1_41' title='bbox 3176 1443 3335 1490; x_wconf 91' lang='lat' dir='ltr'>oan.</span> <span class='ocrx_word' id='word_1_42' title='bbox 3368 1418 3711 1492; x_wconf 88' lang='lat' dir='ltr'>Leslaeus</span> <span class='ocrx_word' id='word_1_43' title='bbox 3735 1419 3855 1492; x_wconf 89' lang='lat' dir='ltr'>lib.</span> 
     </span>
     <span class='ocr_line' id='line_1_7' title="bbox 1083 1533 3857 1632; baseline -0.001 -24"><span class='ocrx_word' id='word_1_44' title='bbox 1083 1556 1192 1608; x_wconf 74' lang='grc' dir='ltr'>Π.</span> <span class='ocrx_word' id='word_1_45' title='bbox 1225 1560 1396 1632; x_wconf 82' lang='lat' dir='ltr'>pag.</span> <span class='ocrx_word' id='word_1_46' title='bbox 1431 1555 1640 1609; x_wconf 78' lang='lat' dir='ltr'>xmr.</span> <span class='ocrx_word' id='word_1_47' title='bbox 1679 1538 1778 1610; x_wconf 91' lang='lat' dir='ltr'>H.</span> <span class='ocrx_word' id='word_1_48' title='bbox 1815 1537 2164 1610; x_wconf 79' lang='lat' dir='ltr'><strong>Boethius</strong></span> <span class='ocrx_word' id='word_1_49' title='bbox 2200 1535 2323 1606; x_wconf 90' lang='lat' dir='ltr'>lib.</span> <span class='ocrx_word' id='word_1_50' title='bbox 2362 1554 2479 1606; x_wconf 87' lang='lat' dir='ltr'>1x.</span> <span class='ocrx_word' id='word_1_51' title='bbox 2513 1558 2677 1629; x_wconf 83' lang='lat' dir='ltr'>pag.</span> <span class='ocrx_word' id='word_1_52' title='bbox 2714 1553 2997 1607; x_wconf 71' lang='lat' dir='ltr'>chw.</span> <span class='ocrx_word' id='word_1_53' title='bbox 3047 1545 3092 1578; x_wconf 80' lang='lat'>‘⁶</span> <span class='ocrx_word' id='word_1_54' title='bbox 3124 1533 3407 1608; x_wconf 81' lang='lat' dir='ltr'>Venere</span> <span class='ocrx_word' id='word_1_55' title='bbox 3439 1557 3603 1608; x_wconf 81' lang='lat' dir='ltr'>cum</span> <span class='ocrx_word' id='word_1_56' title='bbox 3636 1559 3721 1610; x_wconf 87' lang='lat' dir='ltr'>eo</span> <span class='ocrx_word' id='word_1_57' title='bbox 3756 1535 3857 1628; x_wconf 89' lang='lat' dir='ltr'>(S.</span> 
     </span>
     <span class='ocr_line' id='line_1_8' title="bbox 1081 1650 3861 1747; baseline -0 -22"><span class='ocrx_word' id='word_1_58' title='bbox 1081 1652 1459 1747; x_wconf 83' lang='lat' dir='ltr'>Columba)</span> <span class='ocrx_word' id='word_1_59' title='bbox 1478 1655 1560 1724; x_wconf 86' lang='lat' dir='ltr'>in</span> <span class='ocrx_word' id='word_1_60' title='bbox 1579 1654 1964 1727; x_wconf 89' lang='lat' dir='ltr'>Albionem</span> <span class='ocrx_word' id='word_1_61' title='bbox 1983 1653 2124 1722; x_wconf 82' lang='lat' dir='ltr'>viri</span> <span class='ocrx_word' id='word_1_62' title='bbox 2146 1652 2515 1722; x_wconf 85' lang='lat' dir='ltr'><strong>duodecim</strong></span> <span class='ocrx_word' id='word_1_63' title='bbox 2536 1650 2805 1721; x_wconf 81' lang='lat' dir='ltr'>Christi</span> <span class='ocrx_word' id='word_1_64' title='bbox 2830 1651 3163 1747; x_wconf 80' lang='lat' dir='ltr'><strong>dogmate</strong></span> <span class='ocrx_word' id='word_1_65' title='bbox 3180 1651 3563 1746; x_wconf 84' lang='lat' dir='ltr'>insigniter</span> <span class='ocrx_word' id='word_1_66' title='bbox 3577 1651 3861 1735; x_wconf 83' lang='lat' dir='ltr'><strong>imbuti,</strong></span> 
     </span>
     <span class='ocr_line' id='line_1_9' title="bbox 1079 1766 3859 1864; baseline 0 -24"><span class='ocrx_word' id='word_1_67' title='bbox 1079 1771 1205 1840; x_wconf 88' lang='lat' dir='ltr'>sed</span> <span class='ocrx_word' id='word_1_68' title='bbox 1235 1770 1466 1862; x_wconf 81' lang='lat' dir='ltr'>magis</span> <span class='ocrx_word' id='word_1_69' title='bbox 1499 1770 1716 1864; x_wconf 84' lang='lat' dir='ltr'>longe</span> <span class='ocrx_word' id='word_1_70' title='bbox 1745 1768 2213 1840; x_wconf 78' lang='lat' dir='ltr'>sanctissimis</span> <span class='ocrx_word' id='word_1_71' title='bbox 2247 1767 2555 1838; x_wconf 86' lang='lat' dir='ltr'>decorati</span> <span class='ocrx_word' id='word_1_72' title='bbox 2590 1767 2932 1851; x_wconf 87' lang='lat' dir='ltr'>moribus,</span> <span class='ocrx_word' id='word_1_73' title='bbox 2966 1767 3339 1838; x_wconf 85' lang='lat' dir='ltr'>Bathenus</span> <span class='ocrx_word' id='word_1_74' title='bbox 3391 1775 3465 1838; x_wconf 88' lang='lat' dir='ltr'>et</span> <span class='ocrx_word' id='word_1_75' title='bbox 3497 1766 3859 1850; x_wconf 83' lang='lat' dir='ltr'>Cominus,</span> 
     </span>
     <span class='ocr_line' id='line_1_10' title="bbox 1081 1881 3867 1977; baseline -0.001 -21"><span class='ocrx_word' id='word_1_76' title='bbox 1081 1885 1230 1977; x_wconf 88' lang='lat' dir='ltr'>qui,</span> <span class='ocrx_word' id='word_1_77' title='bbox 1263 1893 1430 1975; x_wconf 83' lang='lat' dir='ltr'>post</span> <span class='ocrx_word' id='word_1_78' title='bbox 1461 1881 1852 1956; x_wconf 73' lang='lat' dir='ltr'><strong>Columbae</strong></span> <span class='ocrx_word' id='word_1_79' title='bbox 1883 1885 2180 1964; x_wconf 82' lang='lat' dir='ltr'>exitum,</span> <span class='ocrx_word' id='word_1_80' title='bbox 2216 1881 2726 1953; x_wconf 87' lang='lat' dir='ltr'>monachorum</span> <span class='ocrx_word' id='word_1_81' title='bbox 2760 1883 3089 1954; x_wconf 80' lang='lat' dir='ltr'>claustris</span> <span class='ocrx_word' id='word_1_82' title='bbox 3122 1882 3460 1974; x_wconf 80' lang='lat' dir='ltr'>praefecti</span> <span class='ocrx_word' id='word_1_83' title='bbox 3486 1883 3679 1954; x_wconf 89' lang='lat' dir='ltr'>inter</span> <span class='ocrx_word' id='word_1_84' title='bbox 3702 1882 3867 1954; x_wconf 90' lang='lat' dir='ltr'>Sco-</span> 
     </span>
     <span class='ocr_line' id='line_1_11' title="bbox 1079 1997 3865 2080; baseline -0.001 -9"><span class='ocrx_word' id='word_1_85' title='bbox 1079 2009 1194 2072; x_wconf 84' lang='lat' dir='ltr'>tos</span> <span class='ocrx_word' id='word_1_86' title='bbox 1223 1999 1418 2070; x_wconf 87' lang='lat' dir='ltr'>haud</span> <span class='ocrx_word' id='word_1_87' title='bbox 1453 2000 1804 2070; x_wconf 80' lang='lat' dir='ltr'>mediocre</span> <span class='ocrx_word' id='word_1_88' title='bbox 1843 1997 2136 2070; x_wconf 80' lang='lat' dir='ltr'>christi·</span> <span class='ocrx_word' id='word_1_89' title='bbox 2151 1997 2479 2068; x_wconf 88' lang='lat' dir='ltr'>ecclesiae</span> <span class='ocrx_word' id='word_1_90' title='bbox 2512 1997 2725 2068; x_wconf 86' lang='lat' dir='ltr'>decus</span> <span class='ocrx_word' id='word_1_91' title='bbox 2758 1997 3126 2069; x_wconf 87' lang='lat' dir='ltr'>attulere.&#39;’</span> <span class='ocrx_word' id='word_1_92' title='bbox 3192 1997 3419 2070; x_wconf 83' lang='lat' dir='ltr'><strong>Fama</strong></span> <span class='ocrx_word' id='word_1_93' title='bbox 3454 2008 3651 2080; x_wconf 77' lang='lat' dir='ltr'>tenet</span> <span class='ocrx_word' id='word_1_94' title='bbox 3682 1999 3865 2071; x_wconf 84' lang='lat' dir='ltr'>anti-</span> 
     </span>
     <span class='ocr_line' id='line_1_12' title="bbox 1080 2112 3863 2207; baseline 0 -21"><span class='ocrx_word' id='word_1_95' title='bbox 1080 2115 1448 2207; x_wconf 88' lang='lat' dir='ltr'>quissima,</span> <span class='ocrx_word' id='word_1_96' title='bbox 1500 2113 1764 2187; x_wconf 87' lang='lat' dir='ltr'>Deirae</span> <span class='ocrx_word' id='word_1_97' title='bbox 1809 2114 2243 2186; x_wconf 85' lang='lat' dir='ltr'>monasterio</span> <span class='ocrx_word' id='word_1_98' title='bbox 2292 2113 2777 2205; x_wconf 87' lang='lat' dir='ltr'>praepositum</span> <span class='ocrx_word' id='word_1_99' title='bbox 2828 2113 3020 2185; x_wconf 90' lang='lat' dir='ltr'>hunc</span> <span class='ocrx_word' id='word_1_100' title='bbox 3068 2135 3215 2184; x_wconf 91' lang='lat' dir='ltr'>non</span> <span class='ocrx_word' id='word_1_101' title='bbox 3260 2115 3417 2186; x_wconf 89' lang='lat' dir='ltr'>sine</span> <span class='ocrx_word' id='word_1_102' title='bbox 3466 2112 3863 2189; x_wconf 79' lang='lat' dir='ltr'>sanctitatis</span> 
     </span>
     <span class='ocr_line' id='line_1_13' title="bbox 1080 2227 2662 2323; baseline -0.003 -21"><span class='ocrx_word' id='word_1_103' title='bbox 1080 2230 1412 2322; x_wconf 90' lang='lat' dir='ltr'>opinione</span> <span class='ocrx_word' id='word_1_104' title='bbox 1445 2229 1842 2300; x_wconf 87' lang='lat' dir='ltr'>Murthlaci</span> <span class='ocrx_word' id='word_1_105' title='bbox 1877 2229 2122 2302; x_wconf 89' lang='lat' dir='ltr'>obiise.</span> <span class='ocrx_word' id='word_1_106' title='bbox 2226 2227 2415 2323; x_wconf 83' lang='lat' dir='ltr'>Ejus</span> <span class='ocrx_word' id='word_1_107' title='bbox 2448 2239 2662 2301; x_wconf 86' lang='lat' dir='ltr'>sunt:</span> 
     </span>
    </p>

    <p class='ocr_par' dir='ltr' id='par_1_5' title="bbox 1377 2341 3643 2419">
     <span class='ocr_line' id='line_1_14' title="bbox 1377 2341 3643 2419; baseline -0 -5"><span class='ocrx_word' id='word_1_108' title='bbox 1377 2343 1491 2414; x_wconf 92' lang='lat' dir='ltr'>De</span> <span class='ocrx_word' id='word_1_109' title='bbox 1523 2365 1696 2414; x_wconf 82' lang='lat' dir='ltr'>vera</span> <span class='ocrx_word' id='word_1_110' title='bbox 1725 2343 2008 2416; x_wconf 87' lang='lat' dir='ltr'>Pietate</span> <span class='ocrx_word' id='word_1_111' title='bbox 2574 2345 2701 2416; x_wconf 90' lang='lat' dir='ltr'>lib.</span> <span class='ocrx_word' id='word_1_112' title='bbox 2738 2361 2791 2416; x_wconf 90' lang='lat'>1.</span> <span class='ocrx_word' id='word_1_113' title='bbox 2841 2344 3209 2416; x_wconf 86' lang='lat' dir='ltr'>Bostonus</span> <span class='ocrx_word' id='word_1_114' title='bbox 3242 2341 3643 2419; x_wconf 77' lang='lat' dir='ltr'>Buriensis.</span> 
     </span>
    </p>

    <p class='ocr_par' dir='ltr' id='par_1_6' title="bbox 1377 2456 2798 2550">
     <span class='ocr_line' id='line_1_15' title="bbox 1377 2456 2798 2550; baseline 0 -20"><span class='ocrx_word' id='word_1_115' title='bbox 1377 2458 1469 2530; x_wconf 91' lang='lat' dir='ltr'>In</span> <span class='ocrx_word' id='word_1_116' title='bbox 1498 2456 1992 2550; x_wconf 80' lang='lat' dir='ltr'>Apocalypsin</span> <span class='ocrx_word' id='word_1_117' title='bbox 2582 2459 2707 2532; x_wconf 91' lang='lat' dir='ltr'>lib.</span> <span class='ocrx_word' id='word_1_118' title='bbox 2744 2478 2798 2531; x_wconf 93' lang='lat'>1.</span> 
     </span>
    </p>

    <p class='ocr_par' dir='ltr' id='par_1_7' title="bbox 1179 2573 3861 2659">
     <span class='ocr_line' id='line_1_16' title="bbox 1179 2573 3861 2659; baseline -0 -13"><span class='ocrx_word' id='word_1_119' title='bbox 1179 2573 1468 2646; x_wconf 87' lang='lat' dir='ltr'>Floruit</span> <span class='ocrx_word' id='word_1_120' title='bbox 1501 2595 1617 2644; x_wconf 86' lang='lat' dir='ltr'>an.</span> <span class='ocrx_word' id='word_1_121' title='bbox 1657 2589 1998 2644; x_wconf 69' lang='lat' dir='ltr'><strong>DCXLVI.</strong></span> <span class='ocrx_word' id='word_1_122' title='bbox 2025 2573 2104 2644; x_wconf 91' lang='lat' dir='ltr'>in</span> <span class='ocrx_word' id='word_1_123' title='bbox 2123 2582 2536 2647; x_wconf 85' lang='lat' dir='ltr'>sanctorum</span> <span class='ocrx_word' id='word_1_124' title='bbox 2568 2576 2837 2646; x_wconf 89' lang='lat' dir='ltr'>relatus</span> <span class='ocrx_word' id='word_1_125' title='bbox 2862 2596 3265 2659; x_wconf 89' lang='lat' dir='ltr'>numerum,</span> <span class='ocrx_word' id='word_1_126' title='bbox 3286 2574 3589 2648; x_wconf 84' lang='lat' dir='ltr'>Arnold.</span> <span class='ocrx_word' id='word_1_127' title='bbox 3619 2573 3861 2646; x_wconf 84' lang='lat' dir='ltr'>Uvion</span> 
     </span>
    </p>

    <p class='ocr_par' dir='ltr' id='par_1_8' title="bbox 1081 2685 3739 2786">
     <span class='ocr_line' id='line_1_17' title="bbox 1081 2685 3739 2786; baseline 0.001 -28"><span class='ocrx_word' id='word_1_128' title='bbox 1081 2687 1202 2760; x_wconf 88' lang='lat' dir='ltr'>lib.</span> <span class='ocrx_word' id='word_1_129' title='bbox 1239 2705 1362 2760; x_wconf 92' lang='lat'>111.</span> <span class='ocrx_word' id='word_1_130' title='bbox 1395 2685 1562 2784; x_wconf 79' lang='lat' dir='ltr'>Lig.</span> <span class='ocrx_word' id='word_1_131' title='bbox 1595 2687 1748 2760; x_wconf 87' lang='lat' dir='ltr'>Vit.</span> <span class='ocrx_word' id='word_1_132' title='bbox 1781 2712 1948 2784; x_wconf 81' lang='lat' dir='ltr'>pag.</span> <span class='ocrx_word' id='word_1_133' title='bbox 1983 2705 2377 2762; x_wconf 84' lang='lat' dir='ltr'>ccccxm.</span> <span class='ocrx_word' id='word_1_134' title='bbox 2412 2689 2529 2758; x_wconf 90' lang='lat' dir='ltr'>die</span> <span class='ocrx_word' id='word_1_135' title='bbox 2562 2706 2737 2760; x_wconf 67' lang='lat' dir='ltr'>xm.</span> <span class='ocrx_word' id='word_1_136' title='bbox 2772 2689 3061 2762; x_wconf 85' lang='lat' dir='ltr'>Octobr.</span> <span class='ocrx_word' id='word_1_137' title='bbox 3100 2690 3481 2785; x_wconf 81' lang='lat' dir='ltr'>Martyrol.</span> <span class='ocrx_word' id='word_1_138' title='bbox 3516 2689 3739 2786; x_wconf 80' lang='lat' dir='ltr'>Angl.</span> 
     </span>
    </p>
   </div>
   <div class='ocr_carea' id='block_1_5' title="bbox 1593 2899 3357 3004">
    <p class='ocr_par' dir='ltr' id='par_1_9' title="bbox 1593 2899 3357 3004">
     <span class='ocr_line' id='line_1_18' title="bbox 1593 2899 3357 3004; baseline 0 -14"><span class='ocrx_word' id='word_1_139' title='bbox 1593 2918 1670 2990; x_wconf 80' lang='lat' dir='ltr'>s,</span> <span class='ocrx_word' id='word_1_140' title='bbox 1717 2918 2140 3004; x_wconf 78' lang='lat' dir='ltr'>eLAsz,</span> <span class='ocrx_word' id='word_1_141' title='bbox 2191 2899 2344 2992; x_wconf 71' lang='lat' dir='ltr'>sne</span> <span class='ocrx_word' id='word_1_142' title='bbox 2395 2917 3087 2992; x_wconf 74' lang='lat' dir='ltr'>GUILLnnmus.</span> <span class='ocrx_word' id='word_1_143' title='bbox 3190 2925 3357 2992; x_wconf 81' lang='lat'><strong>251.</strong></span> 
     </span>
    </p>
   </div>
   <div class='ocr_carea' id='block_1_6' title="bbox 971 3149 3865 3240">
    <p class='ocr_par' dir='ltr' id='par_1_10' title="bbox 971 3149 3865 3240">
     <span class='ocr_line' id='line_1_19' title="bbox 971 3149 3865 3240; baseline 0 -16"><span class='ocrx_word' id='word_1_144' title='bbox 971 3155 979 3162; x_wconf 85' lang='lat'>&#39;</span> <span class='ocrx_word' id='word_1_145' title='bbox 1085 3149 1672 3237; x_wconf 69' lang='lat' dir='ltr'>GuinLnnMus,</span> <span class='ocrx_word' id='word_1_146' title='bbox 1705 3151 1945 3224; x_wconf 83' lang='lat' dir='ltr'>Seotia·</span> <span class='ocrx_word' id='word_1_147' title='bbox 1975 3151 2249 3234; x_wconf 79' lang='lat' dir='ltr'>relicta,</span> <span class='ocrx_word' id='word_1_148' title='bbox 2283 3152 2508 3222; x_wconf 83' lang='lat' dir='ltr'>vitam</span> <span class='ocrx_word' id='word_1_149' title='bbox 2542 3151 2977 3222; x_wconf 80' lang='lat' dir='ltr'>eremiticam</span> <span class='ocrx_word' id='word_1_150' title='bbox 3012 3153 3091 3222; x_wconf 88' lang='lat' dir='ltr'>in</span> <span class='ocrx_word' id='word_1_151' title='bbox 3124 3151 3377 3224; x_wconf 74' lang='lat' dir='ltr'>Galliis</span> <span class='ocrx_word' id='word_1_152' title='bbox 3418 3161 3711 3240; x_wconf 75' lang='lat' dir='ltr'>aeturus</span> <span class='ocrx_word' id='word_1_153' title='bbox 3761 3160 3865 3224; x_wconf 89' lang='lat' dir='ltr'>to-</span> 
     </span>
    </p>
   </div>
   <div class='ocr_carea' id='block_1_7' title="bbox 1085 3267 3873 4843">
    <p class='ocr_par' dir='ltr' id='par_1_11' title="bbox 1085 3267 3873 4843">
     <span class='ocr_line' id='line_1_20' title="bbox 1085 3267 3867 3360; baseline -0 -20"><span class='ocrx_word' id='word_1_154' title='bbox 1085 3279 1242 3340; x_wconf 82' lang='lat' dir='ltr'>tum</span> <span class='ocrx_word' id='word_1_155' title='bbox 1267 3289 1344 3340; x_wconf 88' lang='lat' dir='ltr'>se</span> <span class='ocrx_word' id='word_1_156' title='bbox 1369 3269 1622 3359; x_wconf 85' lang='lat' dir='ltr'>pietati</span> <span class='ocrx_word' id='word_1_157' title='bbox 1667 3268 2118 3360; x_wconf 76' lang='lat' dir='ltr'>speculatrici</span> <span class='ocrx_word' id='word_1_158' title='bbox 2151 3267 2544 3358; x_wconf 88' lang='lat' dir='ltr'>impendit:</span> <span class='ocrx_word' id='word_1_159' title='bbox 2580 3267 2973 3336; x_wconf 88' lang='lat' dir='ltr'>multorum</span> <span class='ocrx_word' id='word_1_160' title='bbox 3006 3270 3342 3340; x_wconf 85' lang='lat' dir='ltr'>caecitate</span> <span class='ocrx_word' id='word_1_161' title='bbox 3375 3268 3724 3339; x_wconf 82' lang='lat' dir='ltr'>divinitus</span> <span class='ocrx_word' id='word_1_162' title='bbox 3748 3289 3867 3358; x_wconf 86' lang='lat' dir='ltr'>cu·</span> 
     </span>
     <span class='ocr_line' id='line_1_21' title="bbox 1085 3382 3864 3474; baseline -0.001 -18"><span class='ocrx_word' id='word_1_163' title='bbox 1085 3393 1266 3468; x_wconf 86' lang='lat' dir='ltr'>rata,</span> <span class='ocrx_word' id='word_1_164' title='bbox 1299 3393 1374 3456; x_wconf 89' lang='lat' dir='ltr'>et</span> <span class='ocrx_word' id='word_1_165' title='bbox 1404 3383 1747 3456; x_wconf 87' lang='lat' dir='ltr'>restituto</span> <span class='ocrx_word' id='word_1_166' title='bbox 1780 3385 2148 3454; x_wconf 87' lang='lat' dir='ltr'>oculorum</span> <span class='ocrx_word' id='word_1_167' title='bbox 2178 3404 2321 3454; x_wconf 87' lang='lat' dir='ltr'>usu</span> <span class='ocrx_word' id='word_1_168' title='bbox 2352 3383 2731 3474; x_wconf 87' lang='lat' dir='ltr'>plerisque,</span> <span class='ocrx_word' id='word_1_169' title='bbox 2766 3391 2840 3453; x_wconf 88' lang='lat' dir='ltr'>et</span> <span class='ocrx_word' id='word_1_170' title='bbox 2875 3383 2955 3452; x_wconf 91' lang='lat' dir='ltr'>in</span> <span class='ocrx_word' id='word_1_171' title='bbox 2985 3383 3099 3453; x_wconf 90' lang='lat' dir='ltr'>his</span> <span class='ocrx_word' id='word_1_172' title='bbox 3133 3383 3461 3455; x_wconf 87' lang='lat' dir='ltr'>dominae</span> <span class='ocrx_word' id='word_1_173' title='bbox 3486 3384 3643 3466; x_wconf 89' lang='lat' dir='ltr'>loci,</span> <span class='ocrx_word' id='word_1_174' title='bbox 3672 3382 3864 3454; x_wconf 83' lang='lat' dir='ltr'>Clari</span> 
     </span>
     <span class='ocr_line' id='line_1_22' title="bbox 1085 3496 3867 3592; baseline -0.002 -19"><span class='ocrx_word' id='word_1_175' title='bbox 1085 3523 1360 3573; x_wconf 90' lang='lat' dir='ltr'>nomen·</span> <span class='ocrx_word' id='word_1_176' title='bbox 1373 3500 1670 3572; x_wconf 81' lang='lat' dir='ltr'>sortitus</span> <span class='ocrx_word' id='word_1_177' title='bbox 1695 3508 1827 3583; x_wconf 87' lang='lat' dir='ltr'>est,</span> <span class='ocrx_word' id='word_1_178' title='bbox 1852 3499 2251 3590; x_wconf 86' lang='lat' dir='ltr'>coliturque</span> <span class='ocrx_word' id='word_1_179' title='bbox 2276 3498 2355 3568; x_wconf 90' lang='lat' dir='ltr'>in</span> <span class='ocrx_word' id='word_1_180' title='bbox 2378 3519 2565 3592; x_wconf 81' lang='lat' dir='ltr'>pago</span> <span class='ocrx_word' id='word_1_181' title='bbox 2590 3496 2995 3580; x_wconf 87' lang='lat' dir='ltr'>Neustriae,</span> <span class='ocrx_word' id='word_1_182' title='bbox 3024 3498 3307 3589; x_wconf 87' lang='lat' dir='ltr'>publico</span> <span class='ocrx_word' id='word_1_183' title='bbox 3334 3496 3867 3592; x_wconf 82' lang='lat' dir='ltr'>Rhotomagum</span> 
     </span>
     <span class='ocr_line' id='line_1_23' title="bbox 1087 3610 3865 3707; baseline -0.002 -19"><span class='ocrx_word' id='word_1_184' title='bbox 1087 3617 1362 3699; x_wconf 86' lang='lat' dir='ltr'>itinere,</span> <span class='ocrx_word' id='word_1_185' title='bbox 1395 3617 1523 3707; x_wconf 87' lang='lat' dir='ltr'>qui</span> <span class='ocrx_word' id='word_1_186' title='bbox 1556 3623 1631 3687; x_wconf 91' lang='lat' dir='ltr'>et</span> <span class='ocrx_word' id='word_1_187' title='bbox 1662 3635 1926 3686; x_wconf 88' lang='lat' dir='ltr'>nomen</span> <span class='ocrx_word' id='word_1_188' title='bbox 1978 3613 2071 3686; x_wconf 85' lang='lat' dir='ltr'>ab</span> <span class='ocrx_word' id='word_1_189' title='bbox 2121 3636 2207 3684; x_wconf 87' lang='lat' dir='ltr'>eo</span> <span class='ocrx_word' id='word_1_190' title='bbox 2248 3614 2539 3704; x_wconf 88' lang='lat' dir='ltr'>accepit.</span> <span class='ocrx_word' id='word_1_191' title='bbox 2587 3610 2807 3684; x_wconf 85' lang='lat' dir='ltr'>Hect.</span> <span class='ocrx_word' id='word_1_192' title='bbox 2861 3614 3211 3684; x_wconf 83' lang='lat' dir='ltr'>Boethius</span> <span class='ocrx_word' id='word_1_193' title='bbox 3258 3613 3382 3684; x_wconf 84' lang='lat' dir='ltr'>lib.</span> <span class='ocrx_word' id='word_1_194' title='bbox 3420 3631 3534 3683; x_wconf 82' lang='lat' dir='ltr'>lx.</span> <span class='ocrx_word' id='word_1_195' title='bbox 3588 3611 3865 3686; x_wconf 85' lang='lat' dir='ltr'>Histor.</span> 
     </span>
     <span class='ocr_line' id='line_1_24' title="bbox 1087 3725 3870 3826; baseline -0.001 -23"><span class='ocrx_word' id='word_1_196' title='bbox 1087 3731 1366 3804; x_wconf 88' lang='lat' dir='ltr'>Scotiae</span> <span class='ocrx_word' id='word_1_197' title='bbox 1400 3753 1564 3826; x_wconf 85' lang='lat' dir='ltr'><strong>pag.</strong></span> <span class='ocrx_word' id='word_1_198' title='bbox 1603 3745 1924 3801; x_wconf 75' lang='lat' dir='ltr'><strong>CLXXII.</strong></span> <span class='ocrx_word' id='word_1_199' title='bbox 1979 3738 2026 3772; x_wconf 73' lang='lat'>‘⁸</span> <span class='ocrx_word' id='word_1_200' title='bbox 2056 3727 2337 3800; x_wconf 86' lang='lat' dir='ltr'>Eodem</span> <span class='ocrx_word' id='word_1_201' title='bbox 2371 3728 2705 3824; x_wconf 85' lang='lat' dir='ltr'>Eugenio</span> <span class='ocrx_word' id='word_1_202' title='bbox 2738 3740 3105 3822; x_wconf 82' lang='lat' dir='ltr'>regnante,</span> <span class='ocrx_word' id='word_1_203' title='bbox 3148 3725 3585 3800; x_wconf 86' lang='lat' dir='ltr'>Guillermus</span> <span class='ocrx_word' id='word_1_204' title='bbox 3620 3739 3695 3800; x_wconf 88' lang='lat' dir='ltr'>et</span> <span class='ocrx_word' id='word_1_205' title='bbox 3738 3727 3870 3799; x_wconf 88' lang='lat' dir='ltr'>Co-</span> 
     </span>
     <span class='ocr_line' id='line_1_25' title="bbox 1086 3843 3865 3938; baseline -0.001 -20"><span class='ocrx_word' id='word_1_206' title='bbox 1086 3846 1490 3926; x_wconf 85' lang='lat' dir='ltr'>lumbanus,</span> <span class='ocrx_word' id='word_1_207' title='bbox 1526 3846 1751 3916; x_wconf 82' lang='lat' dir='ltr'>veteri</span> <span class='ocrx_word' id='word_1_208' title='bbox 1785 3843 2158 3916; x_wconf 80' lang='lat' dir='ltr'>Scotorum</span> <span class='ocrx_word' id='word_1_209' title='bbox 2190 3853 2568 3916; x_wconf 85' lang='lat' dir='ltr'>stemmate</span> <span class='ocrx_word' id='word_1_210' title='bbox 2600 3844 2941 3938; x_wconf 84' lang='lat' dir='ltr'>insignes,</span> <span class='ocrx_word' id='word_1_211' title='bbox 2976 3863 3185 3914; x_wconf 80' lang='lat' dir='ltr'>verae</span> <span class='ocrx_word' id='word_1_212' title='bbox 3228 3844 3561 3938; x_wconf 84' lang='lat' dir='ltr'>religioni</span> <span class='ocrx_word' id='word_1_213' title='bbox 3608 3845 3865 3934; x_wconf 74' lang='lat' dir='ltr'>devoti,</span> 
     </span>
     <span class='ocr_line' id='line_1_26' title="bbox 1088 3956 3867 4032; baseline -0.001 0"><span class='ocrx_word' id='word_1_214' title='bbox 1088 3963 1164 4032; x_wconf 93' lang='lat' dir='ltr'>in</span> <span class='ocrx_word' id='word_1_215' title='bbox 1219 3959 1454 4032; x_wconf 87' lang='lat' dir='ltr'>Gallia</span> <span class='ocrx_word' id='word_1_216' title='bbox 1501 3961 1733 4030; x_wconf 87' lang='lat' dir='ltr'>multa</span> <span class='ocrx_word' id='word_1_217' title='bbox 1777 3957 2008 4030; x_wconf 87' lang='lat' dir='ltr'>habiti</span> <span class='ocrx_word' id='word_1_218' title='bbox 2053 3967 2227 4030; x_wconf 88' lang='lat' dir='ltr'>sunt</span> <span class='ocrx_word' id='word_1_219' title='bbox 2276 3959 2795 4029; x_wconf 81' lang='lat' dir='ltr'>veneratione.”</span> <span class='ocrx_word' id='word_1_220' title='bbox 2918 3956 3221 4029; x_wconf 86' lang='lat' dir='ltr'>Arnold.</span> <span class='ocrx_word' id='word_1_221' title='bbox 3264 3957 3349 4028; x_wconf 82' lang='lat' dir='ltr'>U</span> <span class='ocrx_word' id='word_1_222' title='bbox 3349 3959 3521 4031; x_wconf 82' lang='lat' dir='ltr'>vion</span> <span class='ocrx_word' id='word_1_223' title='bbox 3567 3957 3691 4030; x_wconf 91' lang='lat' dir='ltr'>lib.</span> <span class='ocrx_word' id='word_1_224' title='bbox 3748 3976 3867 4029; x_wconf 93' lang='lat'><strong>111.</strong></span> 
     </span>
     <span class='ocr_line' id='line_1_27' title="bbox 1089 4070 3870 4171; baseline 0 -25"><span class='ocrx_word' id='word_1_225' title='bbox 1089 4075 1252 4171; x_wconf 88' lang='lat' dir='ltr'>Lig.</span> <span class='ocrx_word' id='word_1_226' title='bbox 1289 4074 1442 4147; x_wconf 92' lang='lat' dir='ltr'>Vit.</span> <span class='ocrx_word' id='word_1_227' title='bbox 1478 4097 1644 4170; x_wconf 82' lang='lat' dir='ltr'>pag.</span> <span class='ocrx_word' id='word_1_228' title='bbox 1681 4090 2055 4145; x_wconf 83' lang='lat' dir='ltr'>ccxxvn.</span> <span class='ocrx_word' id='word_1_229' title='bbox 2156 4083 2203 4115; x_wconf 90' lang='lat'><strong>“</strong></span> <span class='ocrx_word' id='word_1_230' title='bbox 2236 4073 2326 4143; x_wconf 88' lang='lat' dir='ltr'>In</span> <span class='ocrx_word' id='word_1_231' title='bbox 2358 4070 2434 4142; x_wconf 93' lang='lat' dir='ltr'>N</span> <span class='ocrx_word' id='word_1_232' title='bbox 2434 4076 2757 4144; x_wconf 89' lang='lat' dir='ltr'>ormania</span> <span class='ocrx_word' id='word_1_233' title='bbox 2800 4073 2874 4144; x_wconf 89' lang='lat' dir='ltr'>S.</span> <span class='ocrx_word' id='word_1_234' title='bbox 2920 4072 3116 4144; x_wconf 83' lang='lat' dir='ltr'>Clari</span> <span class='ocrx_word' id='word_1_235' title='bbox 3160 4073 3515 4156; x_wconf 89' lang='lat' dir='ltr'>monachi,</span> <span class='ocrx_word' id='word_1_236' title='bbox 3562 4084 3636 4147; x_wconf 88' lang='lat' dir='ltr'>et</span> <span class='ocrx_word' id='word_1_237' title='bbox 3684 4097 3870 4146; x_wconf 84' lang='lat' dir='ltr'>mar·</span> 
     </span>
     <span class='ocr_line' id='line_1_28' title="bbox 1089 4186 3869 4286; baseline -0.001 -22"><span class='ocrx_word' id='word_1_238' title='bbox 1089 4191 1340 4283; x_wconf 85' lang='lat' dir='ltr'>tyris.”</span> <span class='ocrx_word' id='word_1_239' title='bbox 1405 4189 1684 4262; x_wconf 80' lang='lat' dir='ltr'>Eadem</span> <span class='ocrx_word' id='word_1_240' title='bbox 1710 4189 2048 4260; x_wconf 87' lang='lat' dir='ltr'>Molanus</span> <span class='ocrx_word' id='word_1_241' title='bbox 2073 4186 2415 4261; x_wconf 85' lang='lat' dir='ltr'>addition.</span> <span class='ocrx_word' id='word_1_242' title='bbox 2452 4189 2543 4258; x_wconf 88' lang='lat' dir='ltr'>ad</span> <span class='ocrx_word' id='word_1_243' title='bbox 2568 4188 2880 4261; x_wconf 86' lang='lat' dir='ltr'>Usuard.</span> <span class='ocrx_word' id='word_1_244' title='bbox 2906 4190 3034 4282; x_wconf 85' lang='lat' dir='ltr'>qui</span> <span class='ocrx_word' id='word_1_245' title='bbox 3066 4189 3289 4274; x_wconf 87' lang='lat' dir='ltr'>addit,</span> <span class='ocrx_word' id='word_1_246' title='bbox 3324 4199 3373 4232; x_wconf 82' lang='lat'>‘⁶</span> <span class='ocrx_word' id='word_1_247' title='bbox 3396 4191 3485 4260; x_wconf 92' lang='lat' dir='ltr'>de</span> <span class='ocrx_word' id='word_1_248' title='bbox 3519 4192 3677 4286; x_wconf 90' lang='lat' dir='ltr'>ejus</span> <span class='ocrx_word' id='word_1_249' title='bbox 3710 4211 3869 4282; x_wconf 85' lang='lat' dir='ltr'>pas·</span> 
     </span>
     <span class='ocr_line' id='line_1_29' title="bbox 1087 4303 3869 4397; baseline -0.001 -19"><span class='ocrx_word' id='word_1_250' title='bbox 1087 4307 1285 4379; x_wconf 88' lang='lat' dir='ltr'>sione</span> <span class='ocrx_word' id='word_1_251' title='bbox 1317 4327 1716 4378; x_wconf 86' lang='lat' dir='ltr'>sermonem</span> <span class='ocrx_word' id='word_1_252' title='bbox 1759 4303 2040 4376; x_wconf 88' lang='lat' dir='ltr'>Nicolai</span> <span class='ocrx_word' id='word_1_253' title='bbox 2072 4305 2162 4376; x_wconf 89' lang='lat' dir='ltr'>de</span> <span class='ocrx_word' id='word_1_254' title='bbox 2194 4303 2375 4374; x_wconf 89' lang='lat' dir='ltr'>Nise</span> <span class='ocrx_word' id='word_1_255' title='bbox 2406 4305 2714 4376; x_wconf 85' lang='lat' dir='ltr'>extare.”</span> <span class='ocrx_word' id='word_1_256' title='bbox 2811 4304 3329 4378; x_wconf 83' lang='lat' dir='ltr'>Asservantur.</span> <span class='ocrx_word' id='word_1_257' title='bbox 3349 4307 3426 4377; x_wconf 90' lang='lat' dir='ltr'>in</span> <span class='ocrx_word' id='word_1_258' title='bbox 3463 4307 3712 4377; x_wconf 88' lang='lat' dir='ltr'>eodem</span> <span class='ocrx_word' id='word_1_259' title='bbox 3744 4327 3869 4397; x_wconf 90' lang='lat' dir='ltr'>op-</span> 
     </span>
     <span class='ocr_line' id='line_1_30' title="bbox 1087 4419 3863 4516; baseline -0.001 -22"><span class='ocrx_word' id='word_1_260' title='bbox 1087 4423 1258 4515; x_wconf 88' lang='lat' dir='ltr'>pido</span> <span class='ocrx_word' id='word_1_261' title='bbox 1288 4421 1640 4513; x_wconf 74' lang='lat' dir='ltr'>quaedam</span> <span class='ocrx_word' id='word_1_262' title='bbox 1675 4419 1830 4516; x_wconf 84' lang='lat' dir='ltr'>ejus</span> <span class='ocrx_word' id='word_1_263' title='bbox 1865 4419 2270 4502; x_wconf 86' lang='lat' dir='ltr'>memoriae,</span> <span class='ocrx_word' id='word_1_264' title='bbox 2316 4429 2391 4491; x_wconf 90' lang='lat' dir='ltr'>et</span> <span class='ocrx_word' id='word_1_265' title='bbox 2434 4421 2511 4491; x_wconf 88' lang='lat' dir='ltr'>in</span> <span class='ocrx_word' id='word_1_266' title='bbox 2556 4421 2670 4494; x_wconf 87' lang='lat' dir='ltr'>his</span> <span class='ocrx_word' id='word_1_267' title='bbox 2716 4443 2949 4513; x_wconf 87' lang='lat' dir='ltr'>nuper</span> <span class='ocrx_word' id='word_1_268' title='bbox 2994 4422 3151 4515; x_wconf 85' lang='lat' dir='ltr'>ipse</span> <span class='ocrx_word' id='word_1_269' title='bbox 3184 4421 3337 4493; x_wconf 84' lang='lat' dir='ltr'>vidi</span> <span class='ocrx_word' id='word_1_270' title='bbox 3370 4422 3863 4493; x_wconf 87' lang='lat' dir='ltr'>membranam</span> 
     </span>
     <span class='ocr_line' id='line_1_31' title="bbox 1089 4536 3873 4631; baseline 0 -23"><span class='ocrx_word' id='word_1_271' title='bbox 1089 4537 1672 4620; x_wconf 83' lang='lat' dir='ltr'>vetustissimam,</span> <span class='ocrx_word' id='word_1_272' title='bbox 1707 4557 1790 4608; x_wconf 83' lang='lat' dir='ltr'>ae</span> <span class='ocrx_word' id='word_1_273' title='bbox 1819 4537 2032 4628; x_wconf 83' lang='lat' dir='ltr'>plane</span> <span class='ocrx_word' id='word_1_274' title='bbox 2065 4557 2366 4619; x_wconf 85' lang='lat' dir='ltr'>erosam,</span> <span class='ocrx_word' id='word_1_275' title='bbox 2397 4536 2631 4631; x_wconf 89' lang='lat' dir='ltr'>longis</span> <span class='ocrx_word' id='word_1_276' title='bbox 2666 4537 2917 4621; x_wconf 89' lang='lat' dir='ltr'>literis,</span> <span class='ocrx_word' id='word_1_277' title='bbox 2951 4559 3033 4608; x_wconf 85' lang='lat' dir='ltr'>ac</span> <span class='ocrx_word' id='word_1_278' title='bbox 3066 4559 3289 4609; x_wconf 86' lang='lat' dir='ltr'>manu</span> <span class='ocrx_word' id='word_1_279' title='bbox 3320 4538 3573 4630; x_wconf 87' lang='lat' dir='ltr'>ipsius,</span> <span class='ocrx_word' id='word_1_280' title='bbox 3624 4545 3711 4608; x_wconf 89' lang='lat' dir='ltr'>ut</span> <span class='ocrx_word' id='word_1_281' title='bbox 3742 4557 3873 4629; x_wconf 88' lang='lat' dir='ltr'>pu-</span> 
     </span>
     <span class='ocr_line' id='line_1_32' title="bbox 1089 4651 3643 4747; baseline -0.001 -21"><span class='ocrx_word' id='word_1_282' title='bbox 1089 4663 1309 4739; x_wconf 84' lang='lat' dir='ltr'>tatur,</span> <span class='ocrx_word' id='word_1_283' title='bbox 1343 4655 1730 4747; x_wconf 82' lang='lat' dir='ltr'>scriptam:</span> <span class='ocrx_word' id='word_1_284' title='bbox 1784 4653 2080 4724; x_wconf 86' lang='lat' dir='ltr'>titulum</span> <span class='ocrx_word' id='word_1_285' title='bbox 2109 4659 2400 4724; x_wconf 85' lang='lat' dir='ltr'>tantum</span> <span class='ocrx_word' id='word_1_286' title='bbox 2434 4654 2717 4746; x_wconf 87' lang='lat' dir='ltr'>assequi</span> <span class='ocrx_word' id='word_1_287' title='bbox 2752 4653 2979 4744; x_wconf 88' lang='lat' dir='ltr'>potui,</span> <span class='ocrx_word' id='word_1_288' title='bbox 3013 4653 3141 4744; x_wconf 86' lang='lat' dir='ltr'>qui</span> <span class='ocrx_word' id='word_1_289' title='bbox 3174 4651 3643 4745; x_wconf 84' lang='lat' dir='ltr'>praeferebat,</span> 
     </span>
     <span class='ocr_line' id='line_1_33' title="bbox 1377 4766 3079 4843; baseline -0.004 -3"><span class='ocrx_word' id='word_1_290' title='bbox 1377 4769 1632 4842; x_wconf 80' lang='lat' dir='ltr'>Divini</span> <span class='ocrx_word' id='word_1_291' title='bbox 1667 4767 1898 4840; x_wconf 88' lang='lat' dir='ltr'>Officii</span> <span class='ocrx_word' id='word_1_292' title='bbox 1931 4767 2316 4843; x_wconf 84' lang='lat' dir='ltr'>Formulae</span> <span class='ocrx_word' id='word_1_293' title='bbox 2853 4766 2979 4838; x_wconf 92' lang='lat' dir='ltr'>lib.</span> <span class='ocrx_word' id='word_1_294' title='bbox 3018 4784 3079 4837; x_wconf 89' lang='lat'>1..</span> 
     </span>
    </p>
   </div>
  </div>
 </body>
</html>
