4384 5817
1019 601 1148 667 180
1785 598 2257 672 HISTORIA
2306 602 3063 674 ECCLESIASTICA

1021 792 1461 874 monasterii.
1565 801 1612 836 ‘⁶
1645 789 1782 865 Vir
1815 815 2118 890 magnae
2150 794 2543 890 religionis,
2598 804 2671 865 et
2706 818 2984 868 morum
3024 796 3403 868 sanctitate
3450 797 3826 894 integerri-

1021 931 1205 993 mus,
1249 909 1386 980 sub
1427 910 1632 1004 quus
1675 911 2024 1005 regimine
2071 913 2493 982 donationes
2526 914 2795 983 multae
2828 912 3145 984 fidelium
3180 911 3349 983 huic
3386 917 3825 986 monasterio

1028 1047 1158 1115 pro
1190 1024 1329 1095 Dei
1363 1023 1655 1110 honore,
1695 1033 1768 1096 et
1813 1025 1889 1098 S.
1922 1023 1972 1094 J
1972 1026 2200 1110 acobi,
2236 1027 2467 1098 factae
2498 1029 2733 1110 sunt,”
2784 1030 2888 1099 ait
2932 1027 3290 1100 Trithem.
3344 1030 3424 1099 in
3468 1028 3829 1101 Chronico

1023 1140 1340 1235 ejusdem
1377 1139 1812 1212 monasterii.
1895 1140 2000 1211 Et
2040 1143 2259 1233 paulo
2304 1153 2509 1236 post:
2580 1154 2625 1186 “
2660 1144 3117 1215 Christianus
3151 1143 3369 1214 abbas
3404 1161 3493 1214 11.
3531 1145 3646 1214 vir
3678 1167 3827 1218 mo·

1019 1255 1222 1326 ribus
1267 1264 1340 1326 et
1389 1257 1790 1328 eruditione
1833 1258 2262 1349 praeclaruS,
2304 1261 2510 1354 cujus
2556 1261 2712 1330 vita
2749 1269 2822 1330 et
2866 1261 3194 1330 doctrina
3238 1260 3504 1331 multos
3553 1261 3644 1332 ab
3688 1262 3825 1332 ini-

1018 1371 1296 1463 quitate
1331 1372 1422 1442 ad
1455 1391 1784 1444 normam
1807 1373 2140 1468 justitiae
2175 1376 2595 1448 convertit.'’
2696 1373 2999 1466 Scripsit

1315 1485 1438 1558 Ad
1504 1486 2062 1560 Embrichonem
2129 1489 2573 1584 Episcopum
2638 1513 2855 1582 super
2921 1489 3291 1562 fundando
3372 1490 3817 1562 Monasterio

1418 1602 1648 1675 Scotis
2715 1605 2840 1676 lib.
2878 1624 2931 1676 1.

1121 1718 1326 1790 Obiit
1357 1739 1546 1790 anno
1583 1737 2006 1792 MCLxxlx.
2087 1719 2429 1796 Sanctum
2464 1731 2674 1816 putat
2708 1724 3155 1815 relatumque
3188 1723 3267 1792 in
3302 1731 3587 1795 sanctos
3624 1722 3821 1793 Hen-

1020 1835 1211 1907 ricus
1245 1833 1670 1920 Fitzsimon,
1705 1845 1780 1908 et
1810 1847 1978 1909 ante
2011 1859 2176 1909 eum
2207 1836 2260 1907 J
2261 1861 2325 1909 o.
2364 1837 2773 1912 Fraserius.

1910 2065 2645 2142 CAELESTINUS.
2750 2073 2915 2142 312.

1020 2300 1626 2384 CAELESTINUS,
1671 2297 1846 2370 dicti
1896 2299 2032 2370 loci
2077 2302 2587 2373 coenobiarcha
2620 2319 2802 2371 vm.
2850 2302 3224 2374 ordinatus
3271 2301 3363 2372 ab
3410 2301 3681 2373 Ottone
3728 2302 3816 2370 de

1017 2414 1532 2508 Londemburg
1563 2415 1894 2505 episcopo
1929 2413 2456 2508 Herbipolensi.
2562 2417 2868 2510 Scripsit

1314 2528 1406 2600 In
1437 2529 1749 2600 minores
1783 2527 2182 2621 Prophetas
2803 2533 2925 2606 lib.
2964 2553 3017 2604 1.

1120 2645 1326 2716 Obiit
1355 2665 1548 2716 anno
1583 2659 2060 2716 Mccxxle.
2150 2641 2376 2718 Rexit
2407 2651 2921 2722 monasterium
2956 2650 3165 2722 annis
3201 2666 3319 2719 xl.

2075 2877 2480 2952 CULDEI.
2585 2885 2751 2952 313.

1017 3115 1366 3197 CULDE1,
1401 3135 1530 3186 seu
1563 3111 1842 3196 Keldei,
1887 3115 2285 3185 sacerdotes
2327 3124 2552 3195 erant,
2603 3116 2730 3207 qui
2783 3115 2875 3186 ab
2923 3115 3229 3186 assiduis
3262 3115 3341 3184 in
3377 3113 3513 3184 fide
3558 3115 3813 3186 labori-

1015 3231 1150 3302 bus
1183 3231 1288 3302 sic
1320 3231 1518 3316 dicti,
1553 3230 1631 3299 id
1664 3239 1796 3314 est,
1829 3225 2080 3300 Deum
2115 3225 2457 3300 timentes.
2558 3228 2745 3301 Vide
2780 3233 2858 3301 in
2888 3229 3273 3324 Apparatu
3300 3235 3461 3300 me'o
3494 3230 3583 3302 ad
3613 3228 3809 3302 Hist.

1017 3345 1207 3418 Seot.
1243 3355 1317 3418 et
1350 3347 1473 3418 lib.
1515 3367 1566 3417 1.
1613 3368 1834 3438 supra
1865 3347 1946 3414 in
1977 3341 2369 3416 Aumimoe.
2468 3343 2591 3416 Ex
2621 3346 2879 3417 horum
2916 3367 3210 3442 corpore
3241 3348 3603 3438 praesules
3636 3347 3815 3416 elec-

1014 3463 1094 3532 ti.
1199 3462 1656 3554 Scripserunt
2530 3515 2537 3520 .

1311 3576 1814 3651 Institutiones
1848 3578 1940 3648 ad
1975 3575 2265 3647 Clerum
2302 3585 2375 3648 et
2414 3575 2769 3667 Populum
2802 3575 3159 3648 Scoticum
3343 3577 3467 3650 lib.
3506 3597 3557 3648 1.

1113 3693 1556 3765 Floruerunt
1589 3695 1680 3765 ab
1713 3693 1922 3764 initio
1954 3691 2120 3762 fidei
2155 3715 2201 3761 a
2233 3689 2463 3764 Scotis
2505 3701 2827 3784 receptae
2872 3715 3064 3765 anno
3108 3710 3335 3765 00111.
3382 3715 3645 3764 nomen
3692 3716 3812 3764 us-

1015 3833 1152 3902 que
1189 3810 1277 3881 ad
1314 3818 1605 3901 patrum
1638 3819 2052 3881 nostrorum
2085 3794 2504 3879 memoriam
2537 3809 2887 3900 pervenit.

1903 4036 2628 4110 COLUMBANUS.
2736 4043 2903 4111 814.

1013 4274 1446 4346 DucEN'rIs
1481 4282 1554 4346 et
1589 4273 1897 4365 amplius
1931 4279 2094 4363 post
2127 4271 2472 4344 Sanctum
2508 4270 3033 4342 columbanum
3062 4273 3268 4343 annis
3294 4272 3482 4342 vixit
3514 4269 3801 4340 Colum-

1014 4392 1243 4462 banus
1319 4391 1502 4460 alius
1555 4387 2171 4482 hymnographuS,
2235 4386 2441 4480 cujus
2498 4397 2605 4458 est
2667 4388 2799 4458 ode
2846 4388 2936 4457 ad
2982 4384 3351 4457 Andream
3396 4386 3803 4478 episcopum

1011 4507 1098 4576 de
1131 4506 1336 4578 obitu
1370 4503 1612 4576 Caroli
1647 4502 1926 4598 Magni,
1977 4503 2343 4593 publicata
2386 4503 2659 4594 pridem
2704 4505 2895 4574 inter
2939 4501 3223 4573 Rabani
3277 4501 3517 4573 Mauri
3569 4521 3806 4591 opera,

969 4651 980 4660 ·
1009 4646 1135 4694 seu
1170 4630 1498 4714 poemata
1531 4643 1576 4692 a
1609 4617 1704 4690 R.
1742 4618 1827 4689 P.
1865 4617 2232 4690 Browero.
2322 4617 2412 4689 In
2446 4640 2532 4688 ea
2562 4641 2639 4690 se
2671 4619 3039 4690 nominat:

1619 4765 1678 4826 Ο
1707 4765 2082 4834 columbane,
2110 4763 2333 4842 stringe
2359 4773 2491 4822 tuas
2516 4763 2815 4842 lacrymas,

1611 4861 1818 4922 Preces
1843 4859 2080 4922 effunde
2104 4879 2211 4939 pro
2234 4857 2338 4918 illo
2363 4857 2437 4918 ad
2464 4857 2803 4918 Dominum.
