4384 5817
1193 495 1594 580 'GENTls
1643 511 2209 598 scoToRUM,
2254 511 2441 580 Lm.
2487 512 2619 582 111.
3205 515 3335 584 167

827 701 1340 774 Meditetiones
1373 724 1592 795 super
1624 702 1972 776 Passione
2001 701 2303 776 Domini
2608 703 2739 778 lib.
2776 721 2831 774 Ι.

627 819 965 890 Florebat
1003 839 1195 890 anno
1229 835 1698 890 Dccxxxlv.
1774 817 1956 890 Dies
1989 820 2333 892 incertus.

1410 1050 1484 1121 S.
1537 1047 2026 1122 CONNALL
2035 1047 2176 1122 US.
2280 1048 2447 1122 286.

523 1283 600 1352 S.
636 1281 1150 1352 CoNNALLus
1173 1279 1452 1363 Seotus,
1477 1279 1892 1364 monachus,
1918 1279 2183 1354 Sancto
2209 1279 2603 1354 Columbae
2626 1303 2701 1354 se
2726 1281 2979 1374 junxit
3010 1305 3101 1355 ex
3131 1285 3327 1358 insu-

519 1398 616 1469 lis
663 1397 751 1467 in
791 1395 1176 1470 Albionem
1220 1396 1560 1482 venienti,
1612 1417 1744 1468 nec
1791 1396 1918 1468 diu
1965 1403 2134 1488 post
2172 1395 2608 1468 monasterio
2655 1395 2910 1470 Diviui
2960 1397 3185 1471 Ruris
3234 1401 3327 1472 ab

361 1541 370 1552 ·
521 1513 768 1584 eodem
803 1521 1052 1584 sancto
1085 1521 1496 1584 constructo
1525 1511 1950 1604 praefectus,
1983 1532 2270 1582 summa
2302 1511 2744 1584 continentia
2788 1513 2997 1598 vixit,
3042 1522 3129 1586 ut
3172 1526 3327 1588 erat

519 1627 704 1698 illud
737 1629 1055 1698 seculum
1085 1625 1245 1697 Deo
1277 1629 1583 1719 placens,
1616 1649 1748 1700 nec
1779 1627 1978 1698 aliud
2011 1635 2427 1700 sanctorum
2466 1625 2775 1700 feracius
2820 1636 3088 1702 temere
3128 1631 3326 1725 judi-

519 1743 770 1813 carim.
873 1739 1158 1835 Scripta
1189 1741 1524 1814 Connaui
1557 1743 1949 1835 perierunt.

623 1855 962 1930 Florebat
993 1857 1074 1928 in
1105 1855 1348 1931 Scotia
1377 1879 1568 1929 auno
1609 1874 1839 1930 Dclx.
1942 1855 2227 1929 Colitur
2258 1857 2377 1930 die
2410 1874 2498 1928 11.
2534 1854 2584 1926 J
2584 1877 2765 1928 unu

1381 2088 1455 2160 S.
1509 2085 2184 2160 CORBICANUS.
2288 2091 2468 2202 287.ι

517 2319 596 2389 S.
643 2318 1196 2402 CORBICANUS,
1239 2318 1631 2389 monachus
1677 2340 1760 2389 ac
1801 2315 2182 2410 presbyter
2212 2315 2493 2401 Scotus,
2526 2320 2681 2390 zelo
2726 2320 2983 2390 domus
3027 2318 3167 2392 Dei
3211 2323 3322 2392 in-

516 2453 794 2518 census,
829 2434 922 2503 ad
953 2433 1384 2525 populorum
1416 2434 1950 2505 conversionem
1985 2433 2307 2504 animum
2338 2432 2672 2517 intendit,
2707 2443 2781 2506 et
2806 2455 2973 2505 cum
2996 2432 3069 2505 S.
3096 2434 3321 2508 Adal-

515 2549 678 2644 giso
715 2546 960 2620 Scotia
999 2571 1350 2645 egressus,
1399 2549 1480 2620 in
1527 2547 1868 2644 Belgium
1917 2571 1994 2622 se
2042 2547 2372 2633 contulit,-
2420 2547 2549 2622 ubi
2596 2549 2790 2622 inter
2836 2550 3075 2645 gentis
3123 2551 3318 2624 illius

520 2665 944 2756 apostolicos
977 2665 1174 2736 viros
1206 2674 1655 2748 numeratur,
1691 2673 1778 2737 ut
1811 2687 1902 2736 ex
1932 2662 2113 2738 Vita
2143 2661 2221 2736 S.
2256 2661 2593 2758 Adalgisi
2624 2664 2982 2738 docemur.
3086 2665 3322 2760 Scrip-

515 2790 600 2852 ta
629 2779 1083 2852 interierunt.

617 2893 1222 2991 Peregrinabatur
1241 2917 1432 2968 anno
1451 2911 1676 2968 nem.
1695 2903 1782 2968 ut
1805 2917 1894 2966 ex
1919 2891 2293 2990 sigeberto
2316 2893 2611 2968 clarum.
2666 2892 2951 2968 Colitur
2974 2897 3091 2968 die
3112 2915 3312 2972 xxv.

515 3009 568 3079 J
568 3031 745 3083 unu
3202 3047 3215 3058 ·

1453 3240 1528 3310 S.
1579 3237 2107 3312 UYRIACUS.
2218 3241 2387 3312 288.

513 3469 592 3542 S.
651 3473 1098 3554 craneus,
1165 3468 1279 3542 vir
1343 3471 1607 3542 summi
1671 3468 2008 3552 nominis,
2075 3468 2449 3560 episeopus
2507 3467 2783 3554 Scotus,
2852 3479 2924 3542 et
2982 3483 3306 3564 martyr:

519 3587 634 3656 hie
699 3588 892 3658 enim
961 3585 1238 3658 Romae
1300 3585 1680 3656 cardinalis
1738 3583 2018 3679 agebat,
2077 3606 2242 3655 cum
2301 3583 2374 3653 S.
2438 3580 2707 3655 Ursula
2764 3585 3089 3680 virginea
3144 3607 3310 3658 cum

515 3703 794 3796 legione
825 3725 911 3774 eo
943 3703 1166 3785 venit,
1199 3709 1274 3774 et
1307 3709 1353 3743 ‘⁸
1383 3701 1560 3792 quia
1600 3708 1756 3774 erat
1798 3721 1890 3770 ex
1931 3699 2090 3793 ejus
2131 3699 2428 3790 patria,”
2478 3706 2565 3770 ut
2612 3700 2932 3792 loquitur
2978 3699 3309 3798 Catalogi

513 3825 766 3889 auctor
799 3817 1062 3894 Petrus
1104 3817 1226 3889 lib.
1267 3834 1385 3888 lx.
1427 3837 1583 3909 cap.
1619 3803 1942 3888 xxovu.
1993 3814 2156 3884 ideo
2202 3835 2367 3886 cum
2398 3814 2527 3886 illa
2572 3813 2906 3907 martyrii
2954 3815 3305 3890 desiderio

512 3931 822 4016 fervens,
879 3932 1252 4005 Coloniam
1317 3953 1396 4004 se
1452 3931 1779 4016 eontulit,
1839 3929 1968 4002 ubi
2025 3937 2344 4032 optatam
2403 3930 2533 4004 diu
2588 3931 2905 4022 palmam
2961 3934 3303 4024 percepit,

511 4069 676 4118 cum
703 4047 1106 4142 virginibus
1129 4069 1398 4122 oeesus.
1459 4042 1685 4118 Errat
1711 4066 1880 4118 vero
1905 4044 2166 4120 Petrus
2192 4043 2604 4138 Equilinus,
2628 4065 2861 4138 nuper
2882 4048 3037 4120 loco
3062 4049 3304 4122 lauda·

513 4170 612 4244 to,
675 4162 806 4256 qui
846 4183 1012 4233 eum
1055 4161 1464 4254 pontificem
1509 4159 1903 4232 maximum
1955 4169 2030 4234 et
2087 4159 2437 4238 ecelesiae.
2474 4169 2693 4252 eaput
2749 4160 2977 4236 fuisse
3032 4164 3301 4248 scribit,

513 4283 588 4346 et
645 4277 938 4368 insuper
1003 4277 1082 4348 in
1147 4274 1348 4348 Petri
1415 4275 1754 4348 cathedra
1808 4275 2074 4347 sedisse
2125 4294 2317 4346 anno
2370 4295 2541 4358 uno,
2608 4274 2972 4348 mensibus
3038 4277 3302 4362 decem,

511 4391 762 4462 diebus
803 4391 1107 4486 viginti3
1151 4413 1314 4464 cum
1355 4411 1501 4464 non
1543 4391 1643 4462 sit
1686 4390 2074 4462 verisimile
2106 4410 2295 4472 eum,
2345 4397 2429 4464 ut
2462 4389 2583 4462 ille
2616 4389 2743 4474 ait,
2794 4398 2841 4430 “
2872 4391 3046 4483 quia
3076 4394 3303 4464 cardi-

513 4505 796 4578 nulibus
843 4517 918 4576 et
965 4507 1154 4578 clero
1201 4506 1452 4579 invitis
1496 4503 1818 4587 decessit,
1868 4526 2154 4576 erasum
2201 4503 2619 4596 pontificum
2670 4505 2831 4578 albo
2858 4506 2923 4590 ;”
2972 4529 3119 4582 non
3168 4518 3299 4590 est,

512 4621 828 4712 inquam,
885 4621 1293 4702 verisimile,
1353 4619 1528 4711 quia
1574 4618 1914 4692 historica
1961 4619 2431 4695 ecclesiastica
2474 4623 2623 4692 non
2672 4629 3021 4694 memorat
3070 4623 3300 4694 ullum

509 4735 600 4805 ad
635 4757 790 4808 eam
826 4735 1064 4808 sedem
1105 4737 1432 4818 electum,
1474 4744 1728 4826 sponte
1767 4733 2195 4818 discessisse,
2243 4745 2528 4825 praeter
2576 4733 2651 4806 S.
2706 4733 3003 4808 Petrum
3055 4735 3297 4806 Coele-
