<?xml version="1.0" encoding="UTF-8"?>
<!DOCTYPE html PUBLIC "-//W3C//DTD XHTML 1.0 Transitional//EN"
    "http://www.w3.org/TR/xhtml1/DTD/xhtml1-transitional.dtd">
<html xmlns="http://www.w3.org/1999/xhtml" xml:lang="en" lang="en">
 <head>
  <title>
</title>
<meta http-equiv="Content-Type" content="text/html;charset=utf-8" />
  <meta name='ocr-system' content='tesseract 3.04.00' />
  <meta name='ocr-capabilities' content='ocr_page ocr_carea ocr_par ocr_line ocrx_word'/>
</head>
<body>
  <div class='ocr_page' id='page_1' title='image "./thomaedempsteri00unkngoog_0112.png"; bbox 0 0 4384 5817; ppageno 0'>
   <div class='ocr_carea' id='block_1_1' title="bbox 1269 525 3319 611">
    <p class='ocr_par' dir='ltr' id='par_1_1' title="bbox 1269 525 3319 611">
     <span class='ocr_line' id='line_1_1' title="bbox 1269 525 3319 611; baseline -0.003 -9"><span class='ocrx_word' id='word_1_1' title='bbox 1269 529 1626 602; x_wconf 83' lang='lat' dir='ltr'><strong>GENTIS</strong></span> <span class='ocrx_word' id='word_1_2' title='bbox 1667 525 2227 611; x_wconf 75' lang='lat' dir='ltr'><strong>SGOTORUM,</strong></span> <span class='ocrx_word' id='word_1_3' title='bbox 2272 527 2455 598; x_wconf 88' lang='lat' dir='ltr'><strong>LIB.</strong></span> <span class='ocrx_word' id='word_1_4' title='bbox 2500 529 2559 598; x_wconf 87' lang='lat'><strong>1.</strong></span> <span class='ocrx_word' id='word_1_5' title='bbox 3230 529 3319 596; x_wconf 72' lang='lat'><strong>47</strong></span> 
     </span>
    </p>
   </div>
   <div class='ocr_carea' id='block_1_2' title="bbox 617 725 2747 1506">
    <p class='ocr_par' dir='ltr' id='par_1_2' title="bbox 617 725 2747 1506">
     <span class='ocr_line' id='line_1_2' title="bbox 617 725 1186 820; baseline -0.011 -20"><span class='ocrx_word' id='word_1_6' title='bbox 617 725 898 820; x_wconf 84' lang='lat' dir='ltr'><strong>Scripta</strong></span> <span class='ocrx_word' id='word_1_7' title='bbox 928 725 1022 798; x_wconf 81' lang='lat' dir='ltr'><strong>ab</strong></span> <span class='ocrx_word' id='word_1_8' title='bbox 1052 744 1186 796; x_wconf 75' lang='lat' dir='ltr'><strong>eot</strong></span> 
     </span>
     <span class='ocr_line' id='line_1_3' title="bbox 808 833 2747 935; baseline -0.003 -22"><span class='ocrx_word' id='word_1_9' title='bbox 808 840 1152 935; x_wconf 79' lang='lat' dir='ltr'><strong>Epitome</strong></span> <span class='ocrx_word' id='word_1_10' title='bbox 1185 835 1556 910; x_wconf 78' lang='lat' dir='ltr'><strong>Historiae</strong></span> <span class='ocrx_word' id='word_1_11' title='bbox 1588 833 2050 908; x_wconf 76' lang='lat' dir='ltr'><strong>Britannicae</strong></span> <span class='ocrx_word' id='word_1_12' title='bbox 2488 834 2615 909; x_wconf 89' lang='lat' dir='ltr'><strong>lib.</strong></span> <span class='ocrx_word' id='word_1_13' title='bbox 2654 852 2747 908; x_wconf 88' lang='lat'><strong>11.</strong></span> 
     </span>
     <span class='ocr_line' id='line_1_4' title="bbox 809 950 2713 1030; baseline -0.004 0"><span class='ocrx_word' id='word_1_14' title='bbox 809 954 990 1030; x_wconf 78' lang='lat' dir='ltr'><strong>Vita</strong></span> <span class='ocrx_word' id='word_1_15' title='bbox 1017 952 1106 1026; x_wconf 84' lang='lat' dir='ltr'><strong>S.-</strong></span> <span class='ocrx_word' id='word_1_16' title='bbox 1131 952 1512 1026; x_wconf 82' lang='lat' dir='ltr'><strong>Bertellini</strong></span> <span class='ocrx_word' id='word_1_17' title='bbox 1546 950 1916 1025; x_wconf 83' lang='lat' dir='ltr'><strong>Eremitae</strong></span> <span class='ocrx_word' id='word_1_18' title='bbox 2492 952 2620 1024; x_wconf 90' lang='lat' dir='ltr'><strong>lib.</strong></span> <span class='ocrx_word' id='word_1_19' title='bbox 2656 969 2713 1024; x_wconf 88' lang='lat'><strong>1.</strong></span> 
     </span>
     <span class='ocr_line' id='line_1_5' title="bbox 809 1064 2715 1163; baseline -0.003 -20"><span class='ocrx_word' id='word_1_20' title='bbox 809 1069 990 1143; x_wconf 75' lang='lat' dir='ltr'><strong>Vita</strong></span> <span class='ocrx_word' id='word_1_21' title='bbox 1015 1067 1093 1142; x_wconf 88' lang='lat' dir='ltr'><strong>S.</strong></span> <span class='ocrx_word' id='word_1_22' title='bbox 1127 1067 1550 1163; x_wconf 76' lang='lat' dir='ltr'><strong>Cunigundi</strong></span> <span class='ocrx_word' id='word_1_23' title='bbox 1583 1064 1956 1138; x_wconf 84' lang='lat' dir='ltr'><strong>Eremitae</strong></span> <span class='ocrx_word' id='word_1_24' title='bbox 2492 1066 2623 1140; x_wconf 87' lang='lat' dir='ltr'><strong>lib.</strong></span> <span class='ocrx_word' id='word_1_25' title='bbox 2660 1085 2715 1140; x_wconf 88' lang='lat'><strong>1.</strong></span> 
     </span>
     <span class='ocr_line' id='line_1_6' title="bbox 809 1181 2711 1256; baseline -0.001 0"><span class='ocrx_word' id='word_1_26' title='bbox 809 1183 926 1256; x_wconf 91' lang='lat' dir='ltr'><strong>De</strong></span> <span class='ocrx_word' id='word_1_27' title='bbox 959 1183 1182 1256; x_wconf 76' lang='lat' dir='ltr'><strong>sacris</strong></span> <span class='ocrx_word' id='word_1_28' title='bbox 1211 1181 1490 1254; x_wconf 80' lang='lat' dir='ltr'><strong>Diebus</strong></span> <span class='ocrx_word' id='word_1_29' title='bbox 2492 1181 2619 1254; x_wconf 89' lang='lat' dir='ltr'><strong>lib.</strong></span> <span class='ocrx_word' id='word_1_30' title='bbox 2657 1201 2711 1254; x_wconf 92' lang='lat'><strong>1.</strong></span> 
     </span>
     <span class='ocr_line' id='line_1_7' title="bbox 809 1297 2716 1372; baseline -0.002 0"><span class='ocrx_word' id='word_1_31' title='bbox 809 1297 1156 1372; x_wconf 78' lang='lat' dir='ltr'><strong>Carmina</strong></span> <span class='ocrx_word' id='word_1_32' title='bbox 1183 1319 1387 1370; x_wconf 83' lang='lat' dir='ltr'><strong>sacra</strong></span> <span class='ocrx_word' id='word_1_33' title='bbox 2499 1297 2626 1369; x_wconf 85' lang='lat' dir='ltr'><strong>lib.</strong></span> <span class='ocrx_word' id='word_1_34' title='bbox 2662 1315 2716 1368; x_wconf 88' lang='lat'><strong>1.</strong></span> 
     </span>
     <span class='ocr_line' id='line_1_8' title="bbox 807 1412 2747 1506; baseline -0.001 -20"><span class='ocrx_word' id='word_1_35' title='bbox 807 1412 1182 1506; x_wconf 84' lang='lat' dir='ltr'><strong>Epistolae</strong></span> <span class='ocrx_word' id='word_1_36' title='bbox 2492 1412 2620 1484; x_wconf 92' lang='lat' dir='ltr'><strong>lib.</strong></span> <span class='ocrx_word' id='word_1_37' title='bbox 2656 1429 2747 1484; x_wconf 89' lang='lat'><strong>11.</strong></span> 
     </span>
    </p>
   </div>
   <div class='ocr_carea' id='block_1_3' title="bbox 613 1525 2718 1720">
    <p class='ocr_par' dir='ltr' id='par_1_3' title="bbox 613 1525 2718 1720">
     <span class='ocr_line' id='line_1_9' title="bbox 813 1525 2718 1602; baseline -0.002 0"><span class='ocrx_word' id='word_1_38' title='bbox 813 1527 1106 1602; x_wconf 64' lang='lat' dir='ltr'><strong>Patriae</strong></span> <span class='ocrx_word' id='word_1_39' title='bbox 1137 1525 1528 1600; x_wconf 67' lang='lat' dir='ltr'><strong>Calamina</strong></span> <span class='ocrx_word' id='word_1_40' title='bbox 2498 1525 2625 1599; x_wconf 87' lang='lat' dir='ltr'><strong>lib.</strong></span> <span class='ocrx_word' id='word_1_41' title='bbox 2662 1545 2718 1599; x_wconf 90' lang='lat'><strong>1.</strong></span> 
     </span>
     <span class='ocr_line' id='line_1_10' title="bbox 613 1645 2291 1720; baseline -0.005 -2"><span class='ocrx_word' id='word_1_42' title='bbox 613 1645 902 1720; x_wconf 82' lang='lat' dir='ltr'><strong>Floruit</strong></span> <span class='ocrx_word' id='word_1_43' title='bbox 931 1663 1122 1717; x_wconf 82' lang='lat' dir='ltr'><strong>anno</strong></span> <span class='ocrx_word' id='word_1_44' title='bbox 1157 1657 1522 1716; x_wconf 69' lang='lat' dir='ltr'><strong>ucccnx.</strong></span> <span class='ocrx_word' id='word_1_45' title='bbox 2282 1697 2291 1709; x_wconf 84' lang='grc'><strong><em>,</em></strong></span> 
     </span>
    </p>
   </div>
   <div class='ocr_carea' id='block_1_4' title="bbox 1465 1780 2323 1918">
    <p class='ocr_par' dir='ltr' id='par_1_4' title="bbox 1465 1780 2323 1918">
     <span class='ocr_line' id='line_1_11' title="bbox 1465 1780 2323 1918; baseline -0.006 -5"><span class='ocrx_word' id='word_1_46' title='bbox 1465 1780 1598 1913; x_wconf 59' lang='grc' dir='ltr'><strong>’ἐξ</strong></span> <span class='ocrx_word' id='word_1_47' title='bbox 1630 1834 2096 1912; x_wconf 78' lang='lat' dir='ltr'><strong>AGATHA.</strong></span> <span class='ocrx_word' id='word_1_48' title='bbox 2202 1841 2323 1918; x_wconf 78' lang='lat'><strong>74.</strong></span> 
     </span>
    </p>
   </div>
   <div class='ocr_carea' id='block_1_5' title="bbox 516 1985 3305 2659">
    <p class='ocr_par' dir='ltr' id='par_1_5' title="bbox 516 1985 3305 2659">
     <span class='ocr_line' id='line_1_12' title="bbox 517 1985 3302 2086; baseline -0.003 -19"><span class='ocrx_word' id='word_1_49' title='bbox 517 1995 590 2067; x_wconf 86' lang='lat' dir='ltr'><strong>S.</strong></span> <span class='ocrx_word' id='word_1_50' title='bbox 620 1991 1016 2077; x_wconf 57' lang='lat' dir='ltr'><strong>Aee-rna,</strong></span> <span class='ocrx_word' id='word_1_51' title='bbox 1049 1989 1124 2063; x_wconf 86' lang='lat' dir='ltr'><strong>S.</strong></span> <span class='ocrx_word' id='word_1_52' title='bbox 1147 1988 1554 2069; x_wconf 77' lang='lat' dir='ltr'><strong>Salomonis</strong></span> <span class='ocrx_word' id='word_1_53' title='bbox 1581 1986 1778 2083; x_wconf 81' lang='lat' dir='ltr'><strong>regis</strong></span> <span class='ocrx_word' id='word_1_54' title='bbox 1797 1985 1970 2072; x_wconf 78' lang='lat' dir='ltr'><strong>filia,</strong></span> <span class='ocrx_word' id='word_1_55' title='bbox 2005 1985 2309 2059; x_wconf 82' lang='lat' dir='ltr'><strong>Sanctae</strong></span> <span class='ocrx_word' id='word_1_56' title='bbox 2342 1985 2803 2086; x_wconf 80' lang='lat' dir='ltr'><strong>Margaretae</strong></span> <span class='ocrx_word' id='word_1_57' title='bbox 2834 1987 3129 2084; x_wconf 79' lang='lat' dir='ltr'><strong>reginae</strong></span> <span class='ocrx_word' id='word_1_58' title='bbox 3152 2007 3302 2060; x_wconf 75' lang='lat' dir='ltr'><strong>ma-</strong></span> 
     </span>
     <span class='ocr_line' id='line_1_13' title="bbox 519 2101 3304 2201; baseline -0.003 -19"><span class='ocrx_word' id='word_1_59' title='bbox 519 2119 647 2193; x_wconf 88' lang='lat' dir='ltr'><strong>ter,</strong></span> <span class='ocrx_word' id='word_1_60' title='bbox 679 2129 842 2179; x_wconf 88' lang='lat' dir='ltr'><strong>cum</strong></span> <span class='ocrx_word' id='word_1_61' title='bbox 876 2107 1024 2180; x_wconf 88' lang='lat' dir='ltr'><strong>filio</strong></span> <span class='ocrx_word' id='word_1_62' title='bbox 1059 2105 1354 2201; x_wconf 81' lang='lat' dir='ltr'><strong>Edgaro</strong></span> <span class='ocrx_word' id='word_1_63' title='bbox 1385 2125 1554 2200; x_wconf 80' lang='lat' dir='ltr'><strong>rege</strong></span> <span class='ocrx_word' id='word_1_64' title='bbox 1585 2101 1895 2196; x_wconf 83' lang='lat' dir='ltr'><strong>fugiens,</strong></span> <span class='ocrx_word' id='word_1_65' title='bbox 1941 2123 1986 2171; x_wconf 86' lang='lat' dir='ltr'><strong>a</strong></span> <span class='ocrx_word' id='word_1_66' title='bbox 2035 2101 2420 2177; x_wconf 86' lang='lat' dir='ltr'><strong>Malcolmo</strong></span> <span class='ocrx_word' id='word_1_67' title='bbox 2462 2101 2743 2176; x_wconf 83' lang='lat' dir='ltr'><strong>Scotiae</strong></span> <span class='ocrx_word' id='word_1_68' title='bbox 2772 2125 2945 2199; x_wconf 82' lang='lat' dir='ltr'><strong>rege</strong></span> <span class='ocrx_word' id='word_1_69' title='bbox 2972 2103 3304 2176; x_wconf 83' lang='lat' dir='ltr'><strong>hnmani-</strong></span> 
     </span>
     <span class='ocr_line' id='line_1_14' title="bbox 517 2216 3301 2312; baseline -0.002 -17"><span class='ocrx_word' id='word_1_70' title='bbox 517 2232 624 2295; x_wconf 88' lang='lat' dir='ltr'><strong>ter</strong></span> <span class='ocrx_word' id='word_1_71' title='bbox 655 2228 954 2312; x_wconf 83' lang='lat' dir='ltr'><strong>excepta</strong></span> <span class='ocrx_word' id='word_1_72' title='bbox 981 2219 1368 2292; x_wconf 78' lang='lat' dir='ltr'><strong>monialem</strong></span> <span class='ocrx_word' id='word_1_73' title='bbox 1397 2216 1662 2300; x_wconf 86' lang='lat' dir='ltr'><strong>induit,</strong></span> <span class='ocrx_word' id='word_1_74' title='bbox 1695 2222 1770 2287; x_wconf 89' lang='lat' dir='ltr'><strong>et</strong></span> <span class='ocrx_word' id='word_1_75' title='bbox 1801 2235 1966 2286; x_wconf 83' lang='lat' dir='ltr'><strong>cum</strong></span> <span class='ocrx_word' id='word_1_76' title='bbox 1998 2237 2265 2312; x_wconf 77' lang='lat' dir='ltr'><strong>magna</strong></span> <span class='ocrx_word' id='word_1_77' title='bbox 2295 2219 2699 2291; x_wconf 79' lang='lat' dir='ltr'><strong>sanctitatis</strong></span> <span class='ocrx_word' id='word_1_78' title='bbox 2730 2219 3067 2312; x_wconf 89' lang='lat' dir='ltr'><strong>opinione</strong></span> <span class='ocrx_word' id='word_1_79' title='bbox 3090 2217 3301 2290; x_wconf 81' lang='lat' dir='ltr'><strong>vixit.</strong></span> 
     </span>
     <span class='ocr_line' id='line_1_15' title="bbox 516 2327 3305 2430; baseline -0.001 -22"><span class='ocrx_word' id='word_1_80' title='bbox 516 2333 636 2408; x_wconf 83' lang='lat' dir='ltr'><strong>Ex</strong></span> <span class='ocrx_word' id='word_1_81' title='bbox 663 2333 995 2407; x_wconf 84' lang='lat' dir='ltr'><strong>Historia</strong></span> <span class='ocrx_word' id='word_1_82' title='bbox 1016 2332 1316 2417; x_wconf 84' lang='lat' dir='ltr'><strong>Scotica,</strong></span> <span class='ocrx_word' id='word_1_83' title='bbox 1338 2329 1647 2404; x_wconf 83' lang='lat' dir='ltr'><strong>Amold.</strong></span> <span class='ocrx_word' id='word_1_84' title='bbox 1673 2327 1918 2404; x_wconf 78' lang='lat' dir='ltr'><strong>Uvion</strong></span> <span class='ocrx_word' id='word_1_85' title='bbox 1942 2331 2068 2403; x_wconf 89' lang='lat' dir='ltr'><strong>lib.</strong></span> <span class='ocrx_word' id='word_1_86' title='bbox 2099 2348 2209 2404; x_wconf 73' lang='lat' dir='ltr'><strong>nr.</strong></span> <span class='ocrx_word' id='word_1_87' title='bbox 2244 2331 2461 2430; x_wconf 74' lang='lat' dir='ltr'><strong>Ligu.</strong></span> <span class='ocrx_word' id='word_1_88' title='bbox 2489 2332 2707 2406; x_wconf 85' lang='lat' dir='ltr'><strong>Vitae</strong></span> <span class='ocrx_word' id='word_1_89' title='bbox 2730 2355 2886 2426; x_wconf 85' lang='lat' dir='ltr'><strong>cap.</strong></span> <span class='ocrx_word' id='word_1_90' title='bbox 2915 2351 3059 2404; x_wconf 72' lang='lat' dir='ltr'><strong>XV.</strong></span> <span class='ocrx_word' id='word_1_91' title='bbox 3096 2331 3305 2404; x_wconf 87' lang='lat' dir='ltr'><strong>Hun-</strong></span> 
     </span>
     <span class='ocr_line' id='line_1_16' title="bbox 517 2443 3303 2544; baseline -0.002 -20"><span class='ocrx_word' id='word_1_92' title='bbox 517 2451 792 2524; x_wconf 85' lang='lat' dir='ltr'><strong>tindon.</strong></span> <span class='ocrx_word' id='word_1_93' title='bbox 843 2446 1308 2520; x_wconf 83' lang='lat' dir='ltr'><strong>Malmesbur.</strong></span> <span class='ocrx_word' id='word_1_94' title='bbox 1357 2443 1693 2541; x_wconf 77' lang='lat' dir='ltr'><strong>wigorn.</strong></span> <span class='ocrx_word' id='word_1_95' title='bbox 1743 2465 1992 2518; x_wconf 88' lang='lat' dir='ltr'><strong>omnes</strong></span> <span class='ocrx_word' id='word_1_96' title='bbox 2039 2443 2237 2519; x_wconf 84' lang='lat' dir='ltr'><strong>Senti</strong></span> <span class='ocrx_word' id='word_1_97' title='bbox 2286 2455 2361 2520; x_wconf 83' lang='lat' dir='ltr'><strong>et</strong></span> <span class='ocrx_word' id='word_1_98' title='bbox 2408 2446 2637 2544; x_wconf 77' lang='lat' dir='ltr'><strong>Angli</strong></span> <span class='ocrx_word' id='word_1_99' title='bbox 2686 2449 3091 2543; x_wconf 86' lang='lat' dir='ltr'><strong>scriptores.</strong></span> <span class='ocrx_word' id='word_1_100' title='bbox 3142 2447 3303 2519; x_wconf 92' lang='lat' dir='ltr'><strong>Mo-</strong></span> 
     </span>
     <span class='ocr_line' id='line_1_17' title="bbox 517 2563 1796 2659; baseline -0.008 -19"><span class='ocrx_word' id='word_1_101' title='bbox 517 2564 910 2639; x_wconf 71' lang='lat' dir='ltr'><strong>nasta-ium</strong></span> <span class='ocrx_word' id='word_1_102' title='bbox 939 2563 1266 2659; x_wconf 77' lang='lat' dir='ltr'><strong>ingressa</strong></span> <span class='ocrx_word' id='word_1_103' title='bbox 1295 2581 1488 2634; x_wconf 84' lang='lat' dir='ltr'><strong>anno</strong></span> <span class='ocrx_word' id='word_1_104' title='bbox 1521 2575 1796 2632; x_wconf 61' lang='lat' dir='ltr'><strong>maxx.</strong></span> 
     </span>
    </p>
   </div>
   <div class='ocr_carea' id='block_1_6' title="bbox 500 2755 3307 4385">
    <p class='ocr_par' dir='ltr' id='par_1_6' title="bbox 507 2755 3307 3810">
     <span class='ocr_line' id='line_1_18' title="bbox 824 2755 2375 2862; baseline 0.003 -32"><span class='ocrx_word' id='word_1_105' title='bbox 824 2852 838 2862; x_wconf 34' lang='grc'>,</span> <span class='ocrx_word' id='word_1_106' title='bbox 1452 2757 1529 2832; x_wconf 88' lang='lat' dir='ltr'><strong>S.</strong></span> <span class='ocrx_word' id='word_1_107' title='bbox 1575 2755 2076 2832; x_wconf 86' lang='lat' dir='ltr'>AMBIANU</span> <span class='ocrx_word' id='word_1_108' title='bbox 2073 2757 2150 2832; x_wconf 88' lang='lat' dir='ltr'><strong>S.</strong></span> <span class='ocrx_word' id='word_1_109' title='bbox 2255 2764 2375 2840; x_wconf 77' lang='lat'><strong>75.</strong></span> 
     </span>
     <span class='ocr_line' id='line_1_19' title="bbox 513 2907 3304 3008; baseline 0.001 -24"><span class='ocrx_word' id='word_1_110' title='bbox 513 2912 588 2985; x_wconf 90' lang='lat' dir='ltr'><strong>S.</strong></span> <span class='ocrx_word' id='word_1_111' title='bbox 635 2910 1094 2984; x_wconf 63' lang='lat' dir='ltr'><strong>Amul-ms</strong></span> <span class='ocrx_word' id='word_1_112' title='bbox 1141 2907 1568 3004; x_wconf 67' lang='lat' dir='ltr'><strong>Amphibnli</strong></span> <span class='ocrx_word' id='word_1_113' title='bbox 1619 2907 1932 3000; x_wconf 78' lang='lat' dir='ltr'><strong>episcopi</strong></span> <span class='ocrx_word' id='word_1_114' title='bbox 1979 2908 2060 2980; x_wconf 90' lang='lat' dir='ltr'><strong>in</strong></span> <span class='ocrx_word' id='word_1_115' title='bbox 2107 2910 2444 2984; x_wconf 86' lang='lat' dir='ltr'><strong>omnibns</strong></span> <span class='ocrx_word' id='word_1_116' title='bbox 2492 2911 2751 2998; x_wconf 83' lang='lat' dir='ltr'><strong>socius,</strong></span> <span class='ocrx_word' id='word_1_117' title='bbox 2800 2923 2875 2987; x_wconf 87' lang='lat' dir='ltr'><strong>et</strong></span> <span class='ocrx_word' id='word_1_118' title='bbox 2922 2912 3304 3008; x_wconf 83' lang='lat' dir='ltr'><strong>episcopali</strong></span> 
     </span>
     <span class='ocr_line' id='line_1_20' title="bbox 513 3023 3304 3124; baseline 0.001 -25"><span class='ocrx_word' id='word_1_119' title='bbox 513 3027 868 3124; x_wconf 77' lang='lat' dir='ltr'><strong>dignitate</strong></span> <span class='ocrx_word' id='word_1_120' title='bbox 895 3035 1224 3112; x_wconf 83' lang='lat' dir='ltr'><strong>ornatus,</strong></span> <span class='ocrx_word' id='word_1_121' title='bbox 1255 3027 1382 3098; x_wconf 88' lang='lat' dir='ltr'><strong>sed</strong></span> <span class='ocrx_word' id='word_1_122' title='bbox 1413 3025 1628 3120; x_wconf 66' lang='lat' dir='ltr'><strong>cajus</strong></span> <span class='ocrx_word' id='word_1_123' title='bbox 1655 3023 1988 3095; x_wconf 80' lang='lat' dir='ltr'><strong>ecclesiae</strong></span> <span class='ocrx_word' id='word_1_124' title='bbox 2019 3045 2168 3096; x_wconf 90' lang='lat' dir='ltr'><strong>non</strong></span> <span class='ocrx_word' id='word_1_125' title='bbox 2199 3026 2657 3119; x_wconf 69' lang='lat' dir='ltr'><strong>deprehendi,</strong></span> <span class='ocrx_word' id='word_1_126' title='bbox 2690 3050 2891 3102; x_wconf 87' lang='lat' dir='ltr'><strong>more</strong></span> <span class='ocrx_word' id='word_1_127' title='bbox 2920 3029 3189 3102; x_wconf 86' lang='lat' dir='ltr'><strong>scilieet</strong></span> <span class='ocrx_word' id='word_1_128' title='bbox 3220 3051 3304 3102; x_wconf 86' lang='lat' dir='ltr'><strong>eo</strong></span> 
     </span>
     <span class='ocr_line' id='line_1_21' title="bbox 512 3137 3306 3236; baseline -0 -18"><span class='ocrx_word' id='word_1_129' title='bbox 512 3145 752 3218; x_wconf 83' lang='lat' dir='ltr'><strong>seculo</strong></span> <span class='ocrx_word' id='word_1_130' title='bbox 798 3143 993 3236; x_wconf 84' lang='lat' dir='ltr'><strong>apud</strong></span> <span class='ocrx_word' id='word_1_131' title='bbox 1041 3149 1402 3216; x_wconf 78' lang='lat' dir='ltr'><strong>nostrates</strong></span> <span class='ocrx_word' id='word_1_132' title='bbox 1442 3147 1753 3232; x_wconf 86' lang='lat' dir='ltr'><strong>recepto,</strong></span> <span class='ocrx_word' id='word_1_133' title='bbox 1785 3145 1874 3208; x_wconf 84' lang='lat' dir='ltr'><strong>ut</strong></span> <span class='ocrx_word' id='word_1_134' title='bbox 1905 3137 2403 3233; x_wconf 85' lang='lat' dir='ltr'><strong>episcoporum</strong></span> <span class='ocrx_word' id='word_1_135' title='bbox 2434 3165 2611 3215; x_wconf 86' lang='lat' dir='ltr'><strong>cura</strong></span> <span class='ocrx_word' id='word_1_136' title='bbox 2649 3143 2833 3216; x_wconf 90' lang='lat' dir='ltr'><strong>nulli</strong></span> <span class='ocrx_word' id='word_1_137' title='bbox 2874 3153 3111 3216; x_wconf 84' lang='lat' dir='ltr'><strong>certae</strong></span> <span class='ocrx_word' id='word_1_138' title='bbox 3154 3143 3306 3216; x_wconf 85' lang='lat' dir='ltr'><strong>sedi</strong></span> 
     </span>
     <span class='ocr_line' id='line_1_22' title="bbox 509 3253 3307 3353; baseline -0.001 -21"><span class='ocrx_word' id='word_1_139' title='bbox 509 3258 1224 3353; x_wconf 54' lang='lat' dir='ltr'><strong>alligatus-‚sedin</strong></span> <span class='ocrx_word' id='word_1_140' title='bbox 1259 3253 2923 3350; x_wconf 78' lang='lat' dir='ltr'><strong>omnesregnipartespotestatemexereeret3</strong></span> <span class='ocrx_word' id='word_1_141' title='bbox 2968 3259 3307 3352; x_wconf 80' lang='lat' dir='ltr'><strong>quarein</strong></span> 
     </span>
     <span class='ocr_line' id='line_1_23' title="bbox 509 3367 3305 3467; baseline 0 -23"><span class='ocrx_word' id='word_1_142' title='bbox 509 3371 830 3444; x_wconf 81' lang='lat' dir='ltr'><strong>conciliis</strong></span> <span class='ocrx_word' id='word_1_143' title='bbox 853 3381 929 3445; x_wconf 90' lang='lat' dir='ltr'><strong>et</strong></span> <span class='ocrx_word' id='word_1_144' title='bbox 949 3373 1247 3467; x_wconf 80' lang='lat' dir='ltr'><strong>synodis</strong></span> <span class='ocrx_word' id='word_1_145' title='bbox 1270 3369 1702 3465; x_wconf 83' lang='lat' dir='ltr'><strong>quibusdam</strong></span> <span class='ocrx_word' id='word_1_146' title='bbox 1731 3367 2170 3460; x_wconf 77' lang='lat' dir='ltr'><strong>pervenistis</strong></span> <span class='ocrx_word' id='word_1_147' title='bbox 2202 3371 2454 3465; x_wconf 87' lang='lat' dir='ltr'><strong>scripti</strong></span> <span class='ocrx_word' id='word_1_148' title='bbox 2488 3375 2948 3467; x_wconf 84' lang='lat' dir='ltr'><strong>reperiuntur</strong></span> <span class='ocrx_word' id='word_1_149' title='bbox 2974 3374 3305 3444; x_wconf 85' lang='lat' dir='ltr'><strong>nonnulli</strong></span> 
     </span>
     <span class='ocr_line' id='line_1_24' title="bbox 507 3481 3304 3581; baseline 0.001 -23"><span class='ocrx_word' id='word_1_150' title='bbox 507 3485 824 3578; x_wconf 81' lang='lat' dir='ltr'><strong>episcopi</strong></span> <span class='ocrx_word' id='word_1_151' title='bbox 854 3486 1182 3573; x_wconf 78' lang='lat' dir='ltr'><strong>Scotiae3</strong></span> <span class='ocrx_word' id='word_1_152' title='bbox 1215 3487 1410 3581; x_wconf 87' lang='lat' dir='ltr'><strong>quod</strong></span> <span class='ocrx_word' id='word_1_153' title='bbox 1443 3483 1638 3557; x_wconf 85' lang='lat' dir='ltr'><strong>infra</strong></span> <span class='ocrx_word' id='word_1_154' title='bbox 1667 3483 1804 3554; x_wconf 87' lang='lat' dir='ltr'><strong>hoc</strong></span> <span class='ocrx_word' id='word_1_155' title='bbox 1837 3502 2048 3572; x_wconf 82' lang='lat' dir='ltr'><strong>opere</strong></span> <span class='ocrx_word' id='word_1_156' title='bbox 2077 3481 2339 3558; x_wconf 81' lang='lat' dir='ltr'><strong>fusius.</strong></span> <span class='ocrx_word' id='word_1_157' title='bbox 2420 3485 2611 3561; x_wconf 82' lang='lat' dir='ltr'><strong>Erat</strong></span> <span class='ocrx_word' id='word_1_158' title='bbox 2630 3486 3035 3560; x_wconf 85' lang='lat' dir='ltr'><strong>Ambianus</strong></span> <span class='ocrx_word' id='word_1_159' title='bbox 3058 3497 3304 3560; x_wconf 86' lang='lat' dir='ltr'><strong>noster</strong></span> 
     </span>
     <span class='ocr_line' id='line_1_25' title="bbox 508 3593 3301 3699; baseline 0.001 -27"><span class='ocrx_word' id='word_1_160' title='bbox 508 3622 602 3672; x_wconf 87' lang='lat' dir='ltr'><strong>ex</strong></span> <span class='ocrx_word' id='word_1_161' title='bbox 633 3601 760 3673; x_wconf 90' lang='lat' dir='ltr'><strong>illo</strong></span> <span class='ocrx_word' id='word_1_162' title='bbox 791 3603 1206 3674; x_wconf 81' lang='lat' dir='ltr'><strong>antistitum</strong></span> <span class='ocrx_word' id='word_1_163' title='bbox 1236 3621 1519 3696; x_wconf 79' lang='lat' dir='ltr'><strong>genere,</strong></span> <span class='ocrx_word' id='word_1_164' title='bbox 1557 3598 1686 3692; x_wconf 87' lang='lat' dir='ltr'><strong>qui</strong></span> <span class='ocrx_word' id='word_1_165' title='bbox 1718 3593 1976 3668; x_wconf 85' lang='lat' dir='ltr'><strong>Culdei</strong></span> <span class='ocrx_word' id='word_1_166' title='bbox 2011 3602 2271 3686; x_wconf 77' lang='lat' dir='ltr'><strong>vocati,</strong></span> <span class='ocrx_word' id='word_1_167' title='bbox 2306 3603 2574 3677; x_wconf 83' lang='lat' dir='ltr'><strong>divinis</strong></span> <span class='ocrx_word' id='word_1_168' title='bbox 2618 3611 2906 3678; x_wconf 88' lang='lat' dir='ltr'><strong>tantum</strong></span> <span class='ocrx_word' id='word_1_169' title='bbox 2940 3602 3301 3699; x_wconf 83' lang='lat' dir='ltr'><strong>mysteriis</strong></span> 
     </span>
     <span class='ocr_line' id='line_1_26' title="bbox 507 3715 1290 3810; baseline 0 -22"><span class='ocrx_word' id='word_1_170' title='bbox 507 3715 883 3790; x_wconf 73' lang='lat' dir='ltr'><strong>vacabant.</strong></span> <span class='ocrx_word' id='word_1_171' title='bbox 983 3715 1290 3810; x_wconf 84' lang='lat' dir='ltr'><strong>Scripsit</strong></span> 
     </span>
    </p>

    <p class='ocr_par' dir='ltr' id='par_1_7' title="bbox 804 3829 2605 3905">
     <span class='ocr_line' id='line_1_27' title="bbox 804 3829 2605 3905; baseline 0.001 -2"><span class='ocrx_word' id='word_1_172' title='bbox 804 3831 921 3903; x_wconf 90' lang='lat' dir='ltr'><strong>De</strong></span> <span class='ocrx_word' id='word_1_173' title='bbox 953 3830 1384 3903; x_wconf 87' lang='lat' dir='ltr'><strong>Sanctorum</strong></span> <span class='ocrx_word' id='word_1_174' title='bbox 1415 3829 1770 3905; x_wconf 86' lang='lat' dir='ltr'><strong>Memoria</strong></span> <span class='ocrx_word' id='word_1_175' title='bbox 2388 3832 2513 3904; x_wconf 89' lang='lat' dir='ltr'><strong>lib.</strong></span> <span class='ocrx_word' id='word_1_176' title='bbox 2549 3851 2605 3905; x_wconf 91' lang='lat'><strong>1.</strong></span> 
     </span>
    </p>

    <p class='ocr_par' dir='ltr' id='par_1_8' title="bbox 809 3945 2610 4037">
     <span class='ocr_line' id='line_1_28' title="bbox 809 3945 2610 4037; baseline 0.001 -19"><span class='ocrx_word' id='word_1_177' title='bbox 809 3945 1144 4019; x_wconf 77' lang='lat' dir='ltr'><strong>Hortum</strong></span> <span class='ocrx_word' id='word_1_178' title='bbox 1163 3946 1610 4037; x_wconf 85' lang='lat' dir='ltr'><strong>spiritualem</strong></span> <span class='ocrx_word' id='word_1_179' title='bbox 2392 3947 2537 4020; x_wconf 82' lang='lat' dir='ltr'><strong>lib.-</strong></span> <span class='ocrx_word' id='word_1_180' title='bbox 2556 3966 2610 4020; x_wconf 87' lang='lat'><strong>1.</strong></span> 
     </span>
    </p>

    <p class='ocr_par' dir='ltr' id='par_1_9' title="bbox 802 4059 2607 4141">
     <span class='ocr_line' id='line_1_29' title="bbox 802 4059 2607 4141; baseline 0.001 -8"><span class='ocrx_word' id='word_1_181' title='bbox 802 4061 1064 4133; x_wconf 76' lang='lat' dir='ltr'><strong>Divini</strong></span> <span class='ocrx_word' id='word_1_182' title='bbox 1098 4059 1339 4134; x_wconf 73' lang='lat' dir='ltr'><strong>Officii</strong></span> <span class='ocrx_word' id='word_1_183' title='bbox 1365 4063 1713 4136; x_wconf 72' lang='lat' dir='ltr'><strong>recitandi</strong></span> <span class='ocrx_word' id='word_1_184' title='bbox 1747 4064 2134 4141; x_wconf 84' lang='lat' dir='ltr'><strong>Rationem</strong></span> <span class='ocrx_word' id='word_1_185' title='bbox 2389 4063 2517 4136; x_wconf 90' lang='lat' dir='ltr'><strong>lib.</strong></span> <span class='ocrx_word' id='word_1_186' title='bbox 2554 4082 2607 4135; x_wconf 90' lang='lat'><strong>1.</strong></span> 
     </span>
    </p>

    <p class='ocr_par' dir='ltr' id='par_1_10' title="bbox 599 4176 3297 4273">
     <span class='ocr_line' id='line_1_30' title="bbox 599 4176 3297 4273; baseline 0 -21"><span class='ocrx_word' id='word_1_187' title='bbox 599 4177 990 4258; x_wconf 70' lang='lat' dir='ltr'><strong>Sti-ennam</strong></span> <span class='ocrx_word' id='word_1_188' title='bbox 1041 4177 1262 4248; x_wconf 79' lang='lat' dir='ltr'><strong>verbo</strong></span> <span class='ocrx_word' id='word_1_189' title='bbox 1293 4176 1434 4248; x_wconf 84' lang='lat' dir='ltr'><strong>Dei</strong></span> <span class='ocrx_word' id='word_1_190' title='bbox 1481 4183 1966 4270; x_wconf 71' lang='lat' dir='ltr'><strong>permovendo</strong></span> <span class='ocrx_word' id='word_1_191' title='bbox 2014 4201 2307 4273; x_wconf 79' lang='lat' dir='ltr'><strong>operam</strong></span> <span class='ocrx_word' id='word_1_192' title='bbox 2354 4177 2693 4263; x_wconf 76' lang='lat' dir='ltr'><strong>navabat,</strong></span> <span class='ocrx_word' id='word_1_193' title='bbox 2740 4187 2829 4251; x_wconf 87' lang='lat' dir='ltr'><strong>ut</strong></span> <span class='ocrx_word' id='word_1_194' title='bbox 2860 4199 2953 4251; x_wconf 84' lang='lat' dir='ltr'><strong>ex</strong></span> <span class='ocrx_word' id='word_1_195' title='bbox 2986 4178 3297 4252; x_wconf 85' lang='lat' dir='ltr'><strong>Hectore</strong></span> 
     </span>
    </p>

    <p class='ocr_par' dir='ltr' id='par_1_11' title="bbox 500 4291 3298 4385">
     <span class='ocr_line' id='line_1_31' title="bbox 500 4291 3298 4385; baseline -0.001 -18"><span class='ocrx_word' id='word_1_196' title='bbox 500 4292 819 4367; x_wconf 64' lang='lat' dir='ltr'><strong>&#39;Boethio</strong></span> <span class='ocrx_word' id='word_1_197' title='bbox 851 4295 1008 4364; x_wconf 85' lang='lat' dir='ltr'><strong>loco</strong></span> <span class='ocrx_word' id='word_1_198' title='bbox 1039 4291 1331 4364; x_wconf 82' lang='lat' dir='ltr'><strong>laudato</strong></span> <span class='ocrx_word' id='word_1_199' title='bbox 1361 4293 1614 4385; x_wconf 84' lang='lat' dir='ltr'><strong>liquet,</strong></span> <span class='ocrx_word' id='word_1_200' title='bbox 1645 4303 1722 4366; x_wconf 87' lang='lat' dir='ltr'><strong>et</strong></span> <span class='ocrx_word' id='word_1_201' title='bbox 1743 4291 2024 4368; x_wconf 81' lang='lat' dir='ltr'><strong>Joanne</strong></span> <span class='ocrx_word' id='word_1_202' title='bbox 2046 4294 2350 4368; x_wconf 87' lang='lat' dir='ltr'><strong>Leslaeo</strong></span> <span class='ocrx_word' id='word_1_203' title='bbox 2380 4292 2673 4380; x_wconf 87' lang='lat' dir='ltr'><strong>ibidem,</strong></span> <span class='ocrx_word' id='word_1_204' title='bbox 2704 4315 2897 4368; x_wconf 86' lang='lat' dir='ltr'><strong>anno</strong></span> <span class='ocrx_word' id='word_1_205' title='bbox 2928 4309 3298 4368; x_wconf 83' lang='lat' dir='ltr'><strong>cccxxn.</strong></span> 
     </span>
    </p>
   </div>
   <div class='ocr_carea' id='block_1_7' title="bbox 1497 4483 2319 4572">
    <p class='ocr_par' dir='ltr' id='par_1_12' title="bbox 1497 4483 2319 4572">
     <span class='ocr_line' id='line_1_32' title="bbox 1497 4483 2319 4572; baseline 0.001 -9"><span class='ocrx_word' id='word_1_206' title='bbox 1497 4487 1649 4562; x_wconf 91' lang='lat' dir='ltr'><strong>AN</strong></span> <span class='ocrx_word' id='word_1_207' title='bbox 1651 4483 2102 4566; x_wconf 78' lang='lat' dir='ltr'><strong>ONYMUS.</strong></span> <span class='ocrx_word' id='word_1_208' title='bbox 2204 4487 2319 4572; x_wconf 79' lang='lat'><strong>76.</strong></span> 
     </span>
    </p>
   </div>
   <div class='ocr_carea' id='block_1_8' title="bbox 497 4635 3145 4830">
    <p class='ocr_par' dir='ltr' id='par_1_13' title="bbox 497 4635 3145 4830">
     <span class='ocr_line' id='line_1_33' title="bbox 497 4635 3145 4738; baseline 0.001 -25"><span class='ocrx_word' id='word_1_209' title='bbox 497 4639 902 4724; x_wconf 74' lang='lat' dir='ltr'><strong>qusams</strong></span> <span class='ocrx_word' id='word_1_210' title='bbox 935 4637 1000 4710; x_wconf 78' lang='lat' dir='ltr'><strong>is</strong></span> <span class='ocrx_word' id='word_1_211' title='bbox 1031 4645 1144 4710; x_wconf 73' lang='lat' dir='ltr'><strong>est</strong></span> <span class='ocrx_word' id='word_1_212' title='bbox 1173 4637 1302 4732; x_wconf 83' lang='lat' dir='ltr'><strong>qui</strong></span> <span class='ocrx_word' id='word_1_213' title='bbox 1333 4657 1718 4733; x_wconf 69' lang='lat' dir='ltr'><strong>suppresso</strong></span> <span class='ocrx_word' id='word_1_214' title='bbox 1749 4641 2040 4716; x_wconf 83' lang='lat' dir='ltr'><strong>nomine</strong></span> <span class='ocrx_word' id='word_1_215' title='bbox 2069 4635 2261 4717; x_wconf 71' lang='lat' dir='ltr'><strong>circa</strong></span> <span class='ocrx_word' id='word_1_216' title='bbox 2288 4661 2561 4715; x_wconf 82' lang='lat' dir='ltr'><strong>annum</strong></span> <span class='ocrx_word' id='word_1_217' title='bbox 2594 4657 2823 4717; x_wconf 70' lang='grc' dir='ltr'><strong>υκαι.</strong></span> <span class='ocrx_word' id='word_1_218' title='bbox 2856 4643 3145 4738; x_wconf 77' lang='lat' dir='ltr'><strong>scripsit</strong></span> 
     </span>
     <span class='ocr_line' id='line_1_34' title="bbox 781 4748 2610 4830; baseline 0.001 -3"><span class='ocrx_word' id='word_1_219' title='bbox 781 4750 1062 4827; x_wconf 84' lang='lat' dir='ltr'><strong>-Vitam</strong></span> <span class='ocrx_word' id='word_1_220' title='bbox 1093 4751 1171 4828; x_wconf 87' lang='lat' dir='ltr'><strong>S.</strong></span> <span class='ocrx_word' id='word_1_221' title='bbox 1202 4751 1474 4830; x_wconf 79' lang='lat' dir='ltr'><strong>Albani</strong></span> <span class='ocrx_word' id='word_1_222' title='bbox 2394 4748 2519 4830; x_wconf 87' lang='lat' dir='ltr'><strong>lib.</strong></span> <span class='ocrx_word' id='word_1_223' title='bbox 2555 4773 2610 4830; x_wconf 70' lang='lat'><strong>1:</strong></span> 
     </span>
    </p>
   </div>
  </div>
 </body>
</html>
