4384 5817
1322 538 1791 609 HISTORIA
1836 482 2608 609 EchESIAsTICA.
3233 539 3364 608 273

556 734 931 827 episcopus
964 730 1259 825 quidam
1292 731 1754 805 laudabiliter
1784 732 2304 824 praedicandus
2341 732 2631 803 nomine
2663 730 3004 815 Faustus,
3055 731 3182 823 qui
3223 752 3354 821 pro

558 848 697 921 fide
729 849 1102 923 catholica
1135 850 1351 944 longe
1384 871 1427 919 a
1463 847 1803 919 cathedra
1834 870 1969 921 sua
2003 849 2254 944 jussus
2287 849 2525 921 fuerat
2559 848 2927 944 relegari.”
3029 846 3134 917 Et
3164 856 3357 939 post-

560 990 647 1039 ea
676 967 891 1051 idem,
924 965 1173 1058 paucis
1208 964 1652 1060 interjectis:
1692 973 1742 1009 ‘⁸
1765 963 2216 1058 Supplicanti
2249 986 2672 1038 consensum
2691 966 3039 1057 ‚praebuit
3064 964 3137 1036 S.
3168 964 3359 1036 Fau-

554 1084 779 1155 stus?
850 1080 1256 1175 Episcopus
1290 1079 1695 1153 Germanus
1728 1079 2143 1153 Lerinensis
2176 1085 2256 1152 in
2289 1082 2592 1174 epistola
2624 1082 2715 1154 ad
2749 1081 3158 1155 Arnoldum
3192 1080 3358 1151 Bel-

554 1220 750 1293 gam,
796 1213 871 1272 et
919 1198 1207 1271 tabulae
1256 1197 1673 1269 Lerinensis
1724 1199 2163 1271 monasterii.
2267 1198 2564 1271 Celebre
2613 1222 2875 1270 nomen
2929 1200 3150 1293 hujus
3201 1206 3356 1269 erat

556 1314 651 1386 ob
684 1316 1139 1387 sanctitatem
1172 1338 1303 1410 per
1336 1314 1655 1398 Gallias3
1701 1335 1847 1406 qua
1879 1336 2115 1401 causa,
2163 1326 2240 1387 et
2281 1316 2580 1388 basilica
2629 1316 2693 1386 ei
2746 1324 3000 1399 erecta,
3051 1328 3126 1387 et
3159 1315 3357 1386 Mar-

559 1432 921 1527 tyrologio
989 1434 1348 1527 ascriptus
1414 1431 1618 1523 ipse:
1684 1454 1730 1501 a
1794 1429 1845 1500 J
1846 1454 2076 1503 oanne
2142 1430 2440 1503 Molano
2506 1430 2586 1501 in
2655 1429 3172 1503 Additionibus
3241 1452 3360 1503 ex·

557 1556 867 1639 punctus
911 1548 1262 1644 injuriose
1305 1548 1567 1632 fuerat,
1612 1548 1808 1640 quod
1858 1556 1931 1619 et
1980 1546 2246 1620 Caesar
2290 1547 2650 1619 Batonius
2698 1558 2874 1621 tom.
2927 1566 3038 1619 vl.
3091 1545 3360 1618 Annal.

556 1662 1127 1748 confirmaverat,
1178 1666 1254 1735 in
1306 1664 1697 1757 appendice
1740 1673 1985 1736 tamen
2034 1666 2128 1737 ad
2176 1675 2354 1737 tom.
2391 1682 2475 1735 x.
2527 1664 2954 1736 sententiam
3006 1663 3206 1735 illam
3255 1686 3365 1734 re-

556 1788 843 1865 tractat,
898 1802 1207 1874 eumque
1258 1783 1451 1855 inter
1509 1790 1789 1886 sanctos
1850 1783 2342 1855 collocandum
2400 1789 2610 1873 putat
2661 1790 2736 1852 et
2783 1791 3042 1852 censet.
3174 1778 3362 1876 Ejus

556 1906 773 1969 sunt:

852 2012 1303 2101 Admonitio,
1371 2024 1547 2087 tom.
1620 2032 1695 2086 v,
1779 2012 2278 2109 Antiquarum
2345 1986 2787 2090 Lectionum·
2860 2011 3160 2086 Henriei
3227 2012 3364 2085 Ca·

958 2132 1153 2217 nisii,
2048 2133 2175 2204 lib.
2214 2151 2268 2205 1.

742 2258 749 2263 ’
858 2246 1235 2340 Epistolae
1268 2250 1363 2320 ad
1396 2248 1782 2320 Ruricium
2046 2248 2173 2319 lib.
2213 2268 2266 2320 1.
2352 2247 2630 2321 Ibidem
2665 2250 2825 2321 loci.

854 2362 1028 2437 Alia
1060 2366 1139 2437 in
1175 2365 1629 2438 Bibliotheca
1660 2364 1789 2437 SS.
1826 2364 2133 2437 Patrum
2166 2376 2343 2439 tom.
2383 2384 2507 2441 111.
2543 2376 2616 2438 et
2649 2382 2824 2439 tom.
2865 2383 2973 2436 lv,

851 2480 1104 2554 Sermo
1132 2482 1230 2553 ad
1264 2480 1665 2554 Monachus
2047 2482 2174 2554 lib.
2213 2502 2266 2554 1.

850 2598 1295 2671 Exhortatio
1328 2600 1430 2669 adi
1454 2598 1715 2671 bonam
1748 2598 2001 2672 Vitam
2050 2599 2175 2671 lib.
2217 2620 2272 2671 1.

850 2714 1217 2789 Professio
1250 2715 1461 2789 Fidei
1491 2716 1587 2789 ad
1622 2716 2011 2789 Leontium
2056 2717 2180 2788 lib.
2219 2736 2274 2788 1.

856 2832 1187 2905 Homilia
1219 2833 1309 2904 de
1342 2832 1675 2906 Maximo
2053 2834 2179 2905 lib.
2219 2851 2273 2905 1.

852 2949 967 3020 De
998 2949 1228 3021 libero
1260 2948 1595 3023 Arbitrio
2044 2951 2171 3024 lib.
2212 2969 2303 3024 11.

652 3066 941 3139 Floruit
976 3089 1167 3138 anno
1218 3064 1495 3161 [uxta]
1544 3066 1903 3140 incertum
1952 3070 2244 3161 quando
2294 3075 2708 3141 sanctorum
2754 3089 3056 3141 numero
3103 3072 3368 3165 ascrip-

554 3193 721 3274 tus3
776 3206 932 3257 esse
962 3191 1208 3255 tamen
1242 3182 1323 3253 in
1354 3192 1767 3255 sanctorum
1805 3184 2050 3255 album
2066 3187 2419 3267 relatum,
2467 3194 2754 3275 praeter
2786 3206 2870 3256 ea
2902 3177 3360 3281 quae'supra,
3471 3186 3484 3197 ⁸

552 3302 760 3373 docet
791 3300 1213 3372 membrana
1256 3300 1753 3372 vetustissima
1784 3299 1858 3372 S.
1898 3299 2113 3385 Galli,
2164 3304 2243 3373 in
2290 3324 2435 3396 qua
2484 3302 2911 3375 Admonitio
2961 3300 3034 3373 S.
3089 3303 3366 3388 Fausti,

554 3426 627 3488 et
674 3418 935 3489 colitur
986 3432 1197 3488 xvn.
1250 3416 1301 3487 J
1302 3416 1609 3487 anuarii.
1710 3414 1899 3487 Vide
1934 3416 2236 3489 Henrici
2283 3418 2560 3491 Canisii
2607 3418 2846 3489 varias
2899 3420 3238 3492 lectiones
3285 3421 3365 3491 in

554 3531 923 3626 Epistolas
960 3532 1033 3605 S.
1072 3533 1329 3607 Fausti
1364 3534 1444 3604 in
1476 3532 1773 3604 laudato
1806 3543 2007 3606 tomo
2048 3550 2123 3606 V.

1598 3764 1673 3838 S.
1727 3765 2033 3839 FARO.
2137 3768 2309 3838 505.

553 3998 627 4070 S.
692 3997 950 4083 FARO,
1008 3998 1492 4073 Meldensium
1559 4000 1639 4070 in
1706 3998 1945 4071 Gallia
2001 4000 2397 4091 episcopuS,
2465 4002 2602 4071 etsi
2659 4022 2806 4073 non
2875 3999 3134 4073 Scotus
3193 4012 3362 4077 ortu

554 4113 927 4199 habeatur,
964 4116 1121 4186 -sed
1188 4114 1660 4211 Burgundus,
1731 4129 1996 4199 tamen,
2063 4120 2238 4210 quia
2317 4115 2756 4190 Laurentius
2841 4116 3098 4190 Surius
3183 4130 3356 4193 tom.

556 4248 631 4299 v.
692 4252 861 4325 pag.
924 4248 1311 4303 ccclev,
1386 4233 1461 4302 S.
1532 4230 1946 4305 Chillenum
2012 4232 2305 4305 Scotum
2373 4256 2417 4304 a
2477 4234 2841 4328 plerisque
2907 4233 2982 4305 S.
3053 4234 3360 4311 Faronis

552 4344 852 4418 fratrem
886 4350 1161 4419 censeri
1206 4348 1550 4441 prodidit,
1602 4372 1737 4444 ego
1770 4349 2153 4423 admonere
2197 4350 2418 4434 volui,
2467 4356 2574 4433 ut,
2624 4353 2688 4422 si
2739 4351 3002 4423 fratres
3048 4354 3151 4425 illi
3189 4356 3358 4439 sint,

554 4464 671 4535 vel
720 4460 913 4535 Faro
959 4464 1054 4535 sit
1102 4464 1381 4547 Scotus,
1434 4467 1552 4535 vel
1600 4464 1973 4537 Chillenus
2024 4465 2510 4562 Burgundus:
2567 4468 2886 4547 viderint
2919 4471 3066 4541 alii.
3169 4470 3358 4567 Ejus

552 4586 728 4651 sunt

852 4694 1227 4787 Epistolae
1260 4696 1353 4767 ad
1388 4696 1967 4771 Tbeodebertum
2004 4698 2282 4795 Regem
2581 4702 2708 4774 lib.
2748 4719 2801 4772 1.

651 4807 1059 4905 Episcopus
1076 4822 1531 4885 consecratus
1556 4823 1667 4886 est
1692 4836 1883 4887 anno
1908 4833 2165 4888 ncxx.
2201 4815 2553 4915 Sigebert.
2581 4818 2849 4919 Chron.
2877 4842 2963 4892 eo
2987 4842 3197 4894 anno.
3228 4820 3357 4892 Pe-
