4384 5817
1253 551 1610 620 GENTIS
1656 549 2219 632 SCOTORUM,
2270 550 2451 619 LIB.
2502 549 2623 620 lv.
3224 554 3355 622 239

1185 857 1790 933 GULIELMUS
1836 856 2421 930 DUNCANUS.
2526 863 2696 932 433.

543 1093 1048 1166 GULIELMUS
1081 1093 1502 1174 Duncanus,
1535 1091 1742 1163 bonis
1786 1090 2064 1163 artibus
2098 1112 2319 1184 supra
2352 1090 2489 1162 hoc
2522 1095 2867 1178 seculum,
2914 1104 2990 1166 et
3034 1092 3348 1165 maxime

545 1207 836 1281 Graecis
869 1210 1098 1281 literis
1133 1210 1226 1280 ad
1258 1209 1684 1279 miraculum
1717 1207 2064 1292 imbutuS,
2097 1209 2349 1279 multis
2382 1208 2593 1279 annis
2628 1209 3078 1295 humaniora,
3110 1219 3198 1282 ut
3211 1191 3347 1281 'vo-

539 1335 729 1409 cant,
767 1327 1012 1396 studia
1041 1327 1437 1418 amplexus,
1471 1324 1904 1395 rhetoricam
1948 1324 2142 1415 apud
2187 1321 2449 1395 Volcas
2496 1346 2663 1396 rara
2712 1327 3345 1408 commendatione,

541 1461 966 1532 summoque
1017 1441 1366 1514 nobilium
1425 1439 1839 1512 auditorum
1895 1460 2245 1512 concursu
2313 1439 2606 1523 docuit3
2668 1463 2863 1513 nunc
2914 1442 3130 1514 audio
3187 1442 3347 1533 phi-

542 1555 940 1647 losophiam
989 1580 1274 1630 summa
1317 1578 1482 1628 cum
1525 1554 1757 1650 gloria
1803 1555 2116 1626 nominis
2158 1553 2504 1646 profiteri.
2608 1554 2750 1629 Est
2798 1558 2877 1628 in
2928 1580 3012 1629 eo
3060 1557 3349 1629 homine

543 1673 730 1742 mira
761 1673 1083 1758 comitaS,
1121 1681 1195 1744 et
1237 1671 1482 1744 festivi
1527 1693 1764 1742 mores
1809 1671 2094 1742 erudita
2136 1670 2501 1766 gravitate
2552 1673 2845 1758 conditi,
2897 1684 2982 1746 ut
3030 1673 3225 1765 ipsas
3274 1681 3347 1744 te

545 1786 796 1858 Musas
841 1787 1111 1860 intueri
1157 1811 1464 1871 censeaS,
1513 1787 1578 1858 si
1627 1787 1705 1857 in
1754 1787 2190 1880 colloquium
2240 1808 2405 1858 cum
2454 1809 2539 1858 eo
2590 1789 3056 1862 descenderis.
3157 1788 3347 1884 Ejus

541 1912 758 1974 sunt:

841 2019 1149 2092 Carmen
1197 2020 1686 2114 antiquarium
1720 2019 1845 2092 lib.
1883 2038 1937 2090 Ι.
1986 2041 2130 2112 quo
2174 2020 2362 2092 nihil
2410 2019 2835 2094 laboriosius
2878 2031 3039 2114 post
3092 2020 3345 2092 Musas

935 2145 1182 2222 natas;
1220 2138 1460 2209 omnia
1487 2138 1677 2207 enim
1703 2136 2047 2208 vocabula
2071 2137 2450 2229 antiquata
2472 2145 2667 2220 sunt,
2689 2158 2835 2207 non
2854 2145 3141 2212 tantum
3162 2138 3345 2208 anti-

938 2274 1084 2345 qua
1127 2275 1218 2324 ex
1264 2251 1568 2336 Naevio,
1611 2251 1945 2335 AfraniO,
1993 2253 2320 2345 aliisque.
2372 2251 2807 2338 Exordium,
2858 2261 2903 2293 ‘⁶
2936 2250 3347 2324 Axamenta

937 2369 1178 2441 cano.”
3194 2421 3201 2426 -

837 2484 1327 2556 Praefationes
1359 2483 1646 2556 habitae
1679 2483 1981 2576 publice,
2018 2485 2197 2556 dum
2225 2486 2511 2578 lyceum
2544 2485 2967 2578 aperiretur,
2998 2485 3125 2558 lib.
3163 2502 3217 2555 1.

841 2600 1076 2673 No'tae
1109 2602 1188 2672 in
1223 2601 1601 2673 Platonem
2308 2600 2432 2672 lib.
2472 2618 2523 2672 1.

839 2715 1078 2788 Notae
1110 2717 1192 2788 in
1225 2715 1568 2787 Cointum
1605 2714 1992 2788 Calabrum
2298 2717 2429 2790 lib.
2465 2736 2519 2790 1.

837 2832 1399 2906 Observationes
1436 2832 1510 2901 in
1547 2831 1895 2902 Photium
2302 2835 2426 2905 lib.
2468 2852 2520 2904 1.

636 2948 846 3023 Vivit
880 2949 1116 3022 adhuc
1149 2951 1228 3020 in
1263 2948 1661 3031 Occitania,
1711 2948 1840 3019 ubi
1887 2966 2034 3021 xx·
2081 2958 2154 3021 et
2206 2951 2518 3043 amplius
2565 2971 2923 3026 annorum
2966 2952 3348 3044 professor,

539 3066 792 3138 rudem
827 3089 976 3139 non
1008 3066 1263 3159 poscit,
1297 3065 1423 3136 sed
1456 3062 1813 3135 indefesso
1844 3064 2087 3137 labore
2119 3065 2260 3138 sibi
2296 3088 2377 3139 ac
2409 3066 2689 3160 patriae
2724 3069 3029 3162 gloriam
3063 3069 3278 3161 parit.

1272 3412 1697 3504 MARCUS
1746 3412 2329 3488 DUNCANUS.
2436 3421 2605 3489 434.

541 3645 887 3717 MARCUS
920 3643 1344 3730 DuncanuS,
1380 3647 1771 3741 superioris
1804 3645 2050 3730 frater,
2085 3648 2361 3743 ingenii
2397 3651 2612 3722 etiam
2649 3651 2991 3722 felicitate
3027 3650 3094 3720 ei
3126 3649 3350 3721 simil-

547 3764 788 3848 limus,
828 3773 914 3835 ut
946 3763 1155 3855 pauci
1203 3763 1352 3834 sint
1386 3763 1520 3833 hoc
1553 3772 1802 3834 nostro
1835 3785 2034 3844 aevo,
2071 3786 2252 3855 quos
2290 3775 2334 3806 “
2372 3789 2505 3857 par
2534 3767 2773 3838 nobile
2806 3765 3157 3837 fratrum”
3201 3788 3350 3838 non

545 3888 821 3971 aequet.
927 3879 1074 3949 Hic
1116 3879 1208 3949 ad
1242 3900 1492 3949 severa
1525 3878 1766 3949 studia
1801 3879 2121 3949 animum
2169 3884 2557 3972 appellem,
2603 3884 2793 3975 apud
2831 3880 3161 3953 Turones
3204 3881 3350 3954 for-

541 4003 884 4066 tunarum
917 4018 1213 4066 suarum
1251 3996 1692 4066 domicilium
1729 3992 1912 4078 fixit,
1962 4009 2036 4065 et
2071 3997 2599 4088 philosophiam
2636 3997 3097 4068 celeberrima
3127 3996 3345 4082 fama,

541 4131 946 4204 magnoque
981 4112 1394 4181 auditorum
1428 4110 1916 4202 frequentium
1952 4109 2198 4181 fructu
2231 4112 2618 4203 professus,
2654 4113 2881 4184 edidit

837 4224 951 4295 De
987 4225 1262 4321 Logica
2314 4228 2436 4298 lib.
2475 4245 2553 4299 V.

837 4338 928 4409 In
965 4339 1304 4412 Ethicam
1343 4341 1708 4435 Synopsin
2304 4343 2428 4413 lib.
2469 4361 2522 4413 1.

843 4455 1193 4527 Poemata
1227 4457 1428 4527 varia
2310 4460 2431 4530 lib.
2472 4477 2525 4528 1.

835 4570 1224 4644 Orationes
2306 4575 2429 4646 lib.
2472 4592 2523 4644 1.

639 4685 844 4758 Vivit
874 4687 1109 4758 adhuc
1133 4685 1534 4760 Salmuriae
1560 4687 2056 4780 philosophiae
2081 4689 2468 4781 professor,
2498 4701 2569 4762 et
2595 4693 2795 4786 genti
2832 4715 3003 4764 suae
3037 4693 3347 4777 laudem,

1900 4810 1946 4875 2
1983 4822 2012 4874 1
