4384 5817
1240 513 1594 582 GENTIS
1643 513 2198 596 SCOTORUM,
2250 513 2430 581 LIB.
2478 516 2610 582 ΠΙ.
3195 519 3321 582 145

513 707 810 788 dicitur,
869 704 1384 774 monasterium
1431 713 1950 790 construxerat,
2005 706 2082 776 in
2125 705 2415 778 Italiam
2466 706 2757 778 veniens
2808 729 2853 776 a
2904 705 3319 801 Longobar-

525 823 784 892 dorum
837 843 1006 912 rege
1058 818 1457 890 Adoloaldo
1517 829 1888 914 gratanter
1935 830 2273 912 exceptus
2323 831 2453 904 est,
2514 820 3075 912 coenobiumque
3124 823 3315 912 quod

523 935 840 1006 Bobium
875 936 1296 1025 appellatur,
1331 935 1408 1003 in
1455 931 1765 1024 Alpibus
1813 935 2074 1008 Cottiis
2122 935 2544 1017 aedificavit,
2596 937 2805 1028 quod·
2838 937 3319 1029 quadraginta

521 1052 840 1122 millibus
873 1050 965 1121 ab
995 1050 1172 1120 urbe
1193 1049 1546 1119 dividitur
1573 1049 1984 1135 Ticinensi;
2021 1074 2166 1142 quo
2198 1053 2352 1122 loco
2378 1059 2451 1120 et
2474 1053 2744 1120 multae
2768 1052 3247 1142 possessiones
3274 1073 3316 1120 a

520 1167 827 1260 singulis
871 1165 1317 1256 principibus
1359 1165 1514 1235 sive
1559 1163 2053 1260 Longobardis
2099 1167 2401 1260 largitae
2450 1175 2643 1248 sunt,
2694 1177 2769 1237 et
2814 1189 3077 1261 magna
3124 1166 3315 1236 facta

521 1289 634 1352 est
665 1282 772 1352 ibi
801 1281 1310 1352 monachorum
1345 1282 1864 1375 congregatio.”
1964 1279 2040 1351 N
2039 1304 2118 1352 ec
2150 1283 2485 1352 dissentit
2518 1281 3123 1375 Martyrologium
3170 1281 3317 1351 Ro-

521 1399 818 1466 manum
851 1413 1031 1466 XXI.
1068 1392 1541 1464 Novembris:
1594 1405 1638 1436 ‘⁶
1673 1395 1764 1466 In
1807 1397 2240 1468 monasterio
2274 1396 2615 1467 Bobiensi
2661 1397 3011 1487 depositio
3062 1399 3135 1468 S.
3181 1397 3313 1468 Co-

521 1512 844 1584 lumbani
902 1508 1200 1592 abbatie,
1259 1510 1386 1600 qui
1433 1512 1824 1580 multorum
1876 1513 2378 1584 coenobiorum
2426 1511 2789 1596 fundator,
2838 1513 3315 1603 plurimorum

521 1628 1034 1700 monachorum
1087 1627 1329 1697 extitit
1385 1637 1611 1717 pater,
1666 1629 2056 1720 multisque
2101 1628 2493 1699 virtutibus
2543 1630 2775 1698 clarus
2826 1628 2905 1698 in
2956 1637 3317 1698 senectute

523 1745 714 1816 bona
745 1743 1086 1835 quievit.’'
1186 1741 1465 1812 Eadem
1499 1741 1687 1826 Ado,
1739 1743 2140 1824 Usuardus,
2191 1744 2337 1812 alii.
2440 1743 2753 1814 Bobium
2804 1751 3016 1814 antea
3066 1743 3311 1813 Liber-

520 1883 690 1931 nam
723 1861 1018 1940 dictum,
1070 1858 1236 1928 vide
1273 1856 1570 1928 Hieron.
1606 1857 1926 1928 Suritam
1960 1859 2054 1928 ad
2087 1857 2551 1928 Itinerarium
2604 1857 2819 1928 Scoti.
2932 1857 3098 1949 Ipse
3145 1881 3315 1928 vero

520 1976 610 2046 de
641 1983 1003 2045 senectute
1034 1995 1168 2044 sua
1197 1974 1277 2042 in
1309 1971 1548 2064 Epist.
1585 1973 1676 2042 ad
1711 1971 2112 2056 Fedolium,
2159 1995 2250 2043 ex
2282 1995 2427 2063 qua
2468 1972 2697 2064 liquet
2730 1990 2863 2042 xe.
2920 1995 3147 2044 annos
3192 1995 3313 2044 ex-

519 2093 860 2172 cessisse3
917 2089 1022 2160 sic
1051 2089 1240 2160 enim
1278 2089 1356 2158 in
1389 2087 1573 2158 finez

1119 2233 1286 2292 Haec
1309 2232 1420 2292 tibi
1447 2232 1724 2292 dictatam
1751 2233 1964 2294 morbis
1989 2253 2293 2312 oppressus
2318 2233 2555 2302 acerbis,

1125 2327 1377 2407 Corpore
1401 2347 1542 2407 quos
1567 2327 1760 2406 fragili
1787 2327 1993 2408 patior,
2019 2328 2295 2407 tristique
2320 2339 2593 2398 senecta;

1121 2422 1282 2482 Nam
1307 2421 1448 2482 dum
1473 2422 1777 2502 praecipiti
1803 2421 2082 2483 labuntur
2105 2433 2367 2503 tempora
2392 2442 2588 2491 cursu,

1121 2517 1303 2576 Nunc
1327 2517 1403 2577 ad
1431 2515 1798 2598 Olympiadis
1823 2527 1915 2578 ter
1939 2537 2105 2579 senos
2129 2518 2398 2578 venimus
2424 2537 2619 2578 annos.

615 2668 909 2740 Scotum
945 2667 1244 2750 faciunt,
1270 2675 1554 2758 praeter
1585 2667 1934 2753 laudatos,
1961 2667 2012 2738 J
2013 2691 2172 2738 oan.
2208 2667 2551 2738 Leslaeus
2583 2667 2707 2737 lib.
2740 2683 2851 2736 IV.
2890 2665 3086 2738 Hist.
3117 2665 3308 2738 Scot.

515 2807 681 2880 pag.
711 2801 1062 2855 CXLVIII.
1091 2782 1396 2854 Arnold.
1423 2781 1668 2852 Uvion
1701 2781 1826 2852 lib.
1857 2802 1944 2853 II.
1973 2783 2139 2879 Lig.
2167 2783 2321 2854 Vit.
2358 2805 2510 2872 cap.
2540 2801 2715 2853 ΧΠ.
2753 2792 2799 2824 “
2826 2782 2900 2854 S.
2930 2781 3313 2852 Columba-

513 2923 652 2972 nus
685 2899 966 2980 Scotus,
999 2897 1392 2971 monachus
1411 2898 1826 2968 monasterii
1851 2899 2429 2993 congregationis
2452 2897 3084 2980 Benochorensis,''
3105 2909 3179 2968 et
3198 2898 3311 2966 in-

513 3015 648 3086 fra.
700 3014 976 3086 Anton.
1029 3014 1401 3084 Possevin.
1453 3027 1626 3084 tom.
1665 3032 1720 3084 1.
1772 3012 2045 3105 Appar.
2083 3013 2277 3086 Sacr.
2323 3035 2488 3108 pag.
2526 3030 2985 3083 cccxxxlx.
3042 3012 3311 3082 Henri-

513 3153 638 3204 cus
706 3130 1063 3212 canisius,
1131 3129 1484 3199 Melchior
1565 3127 1974 3199 Goldastus.
2059 3127 2427 3199 Gilbertus
2496 3126 2997 3198 Genebrardus
3082 3127 3310 3196 Chro-

512 3249 696 3329 nico,
764 3246 890 3316 ubi
957 3252 1199 3314 tamen
1259 3247 1444 3315 male
1501 3267 1668 3314 eum
1727 3245 2022 3314 collocat
2077 3245 2156 3314 in
2223 3265 2491 3314 annum
2560 3259 2923 3312 DcxxnI.
2992 3253 3076 3313 ut
3138 3261 3307 3311 mox

511 3363 907 3434 videbitur:
952 3369 996 3402 “
1021 3359 1097 3430 S.
1125 3338 1612 3430 columbanus
1639 3357 1892 3430 Scotus
1917 3357 2285 3452 Angliam,
2314 3357 2643 3438 Galliam,
2670 3357 2983 3440 Italiam,
3012 3357 3307 3428 Germa-

514 3479 732 3561 niam,
767 3477 976 3570 cujus
1009 3477 1276 3545 multos
1310 3477 1610 3568 populos
1645 3476 1735 3546 ad
1772 3475 1982 3544 fidem
2019 3496 2209 3544 anno
2253 3491 2571 3543 Dcxxx.
2618 3475 2993 3554 convertit,
3040 3472 3305 3563 partim

514 3615 644 3684 per
678 3615 852 3674 sese,
887 3591 1156 3683 partim
1187 3613 1316 3681 per
1352 3591 1758 3681 discipuloS‚
1783 3590 2235 3660 monasteriis
2270 3589 2617 3678 replevit3
2670 3609 2839 3657 nam
2872 3589 3151 3658 nullum
3188 3588 3305 3656 ad-

510 3709 652 3780 huc
685 3709 1003 3778 seculum
1035 3716 1314 3777 tantam
1341 3705 1724 3776 celebrium
1749 3704 2263 3774 monachorum
2294 3712 2603 3796 segetem
2630 3702 2996 3793 protulit.'’
3066 3701 3307 3773 West-

509 3832 815 3894 monast.
869 3845 1058 3894 anno
1105 3839 1450 3892 Dchvl.
1507 3828 1551 3861 “
1583 3819 1656 3889 S.
1695 3819 2184 3891 columbanus
2229 3820 2316 3888 de
2364 3817 2603 3888 Scotia
2648 3819 2941 3888 veniens
2976 3819 3055 3888 in
3109 3819 3305 3890 Brit-

509 3940 833 4012 tanniam
883 3940 1115 4009 clarus
1166 3935 1537 4007 habetur.’'
1641 3934 1740 4004 H.
1789 3934 2140 4004 Boethius
2189 3956 2335 4003 non
2384 3943 2671 4037 tantum
2720 3935 2933 4004 domo
2983 3933 3299 4018 Scotum,

511 4056 636 4125 sed
657 4054 876 4124 etiam
897 4061 942 4094 “
955 4053 1178 4122 veteri
1199 4073 1450 4146 regum
1477 4051 1852 4142 Scotorum
1877 4049 2291 4120 stemmate”
2316 4058 2557 4119 ortum
2584 4049 2832 4120 scribit
2856 4048 2979 4120 lib.
3007 4069 3121 4120 lx.
3136 4073 3301 4146 pag.

514 4187 836 4240 chxII.
884 4168 1216 4239 Vincent.
1265 4165 1622 4237 Bellovac.
1666 4166 1790 4235 lib.
1851 4181 2100 4234 XXIII.
2161 4163 2443 4256 Speculi
2502 4187 2653 4256 cap.
2718 4181 2829 4234 IV.
2890 4165 2965 4234 S.
3027 4165 3300 4238 Anton.

507 4285 902 4355 Florentia.
943 4293 1130 4374 part.
1171 4301 1258 4352 II.
1293 4283 1408 4353 tit.
1446 4299 1634 4352 XIII.
1671 4305 1822 4371 cap.
1867 4297 1972 4350 vl.
2026 4302 2225 4350 num.
2264 4297 2379 4350 XI.
2434 4277 2791 4351 Trithem.
2842 4283 2931 4352 de
2973 4281 3173 4352 Viris
3218 4285 3305 4353 il-

507 4400 853 4470 lustribus
889 4399 1144 4469 Ordin.
1183 4397 1256 4468 S.
1293 4399 1665 4468 Benedicti
1697 4399 1821 4469 lib.
1853 4415 1938 4466 11.
1968 4419 2120 4488 cap.
2147 4413 2222 4465 V.
2257 4395 2381 4466 lib.
2411 4411 2535 4465 III.
2566 4417 2719 4488 cap.
2748 4412 2987 4466 XXVI.
3037 4397 3299 4468 Petrus

507 4515 584 4584 in
627 4513 974 4607 Catalogo
1019 4513 1144 4583 lib.
1181 4531 1262 4582 x.
1311 4535 1464 4604 cap.
1503 4531 1694 4582 XCV.
1747 4522 1820 4582 et
1867 4513 1991 4582 alii
2041 4512 2168 4602 qui
2222 4512 2403 4582 mihi
2452 4533 2597 4582 non
2644 4521 2817 4582 sunt
2864 4513 2954 4580 ad
3004 4533 3299 4582 manum
3414 4549 3427 4562 ·

508 4629 910 4702 videantur.
1045 4627 1284 4699 Multa
1366 4627 1736 4698 Rolandus
1823 4625 2269 4697 Huerlebeut
2351 4626 2607 4699 Vasco.
2694 4635 2945 4698 contra
3024 4625 3297 4697 Irland.

505 4743 930 4816 Franciscus
979 4741 1422 4815 Sansovinus
1473 4742 1746 4814 Illustr.
1797 4742 1966 4813 Ital.
2016 4741 2273 4814 Famil.
2328 4764 2491 4838 pag.
2528 4761 2696 4814 CXI.
2748 4752 2793 4786 ‘⁶
2824 4741 2976 4814 Sub
3020 4765 3295 4815 annum

1849 4875 1907 4928 U
