4384 5817
1078 579 1209 654 296
1850 583 2320 674 HISTORIA
2365 585 3120 662 ECCLESIASTICA

1082 777 1317 858 rescit,
1369 774 1759 849 fluviorum
1814 779 1971 874 regi
2016 776 2344 852 Eridano
2390 801 2612 873 quam
2663 782 3017 874 proxima,
3075 784 3203 876 qui
3253 786 3704 882 navigationi
3755 812 3878 883 ap·

1080 891 1403 964 tissimus
1434 895 1753 966 maximo
1786 904 1898 966 est
1920 895 2087 968 urbi
2116 897 2636 984 emolumento:
2673 899 2883 993 cujus
2915 899 3101 972 situs
3138 901 3232 972 ad
3264 905 3773 978 amoenitatem
3803 917 3876 978 et

1078 1007 1592 1082 fecunditatem
1643 1021 1885 1098 natus,
1948 1013 2135 1086 aeris
2178 1014 2583 1106 temperies,
2633 1014 2952 1109 coelique
2999 1016 3400 1103 clementia,
3455 1019 3683 1093 effusa
3729 1024 3876 1116 pla?

1074 1125 1312 1209 nities,
1380 1129 1669 1201 collium
1734 1127 2071 1225 frugibus
2136 1129 2570 1204 refertor-um
2653 1132 3048 1205 multitudo
3131 1155 3276 1206 non
3351 1157 3612 1228 parum
3679 1161 3872 1212 acco-

1072 1245 1179 1314 las
1262 1245 1515 1317 reficit.
1648 1243 1775 1318 Ad
1850 1247 2228 1320 meridiem
2307 1247 2705 1320 umbrifero
2781 1246 3341 1341 Apenninorum
3421 1253 3873 1348 aliorumque

1068 1365 1429 1437 montium
1475 1366 1661 1462 jugo
1714 1375 2120 1439 recreatur:
2170 1366 2292 1440 hic
2341 1366 2582 1450 Ceres,
2638 1365 2762 1436 hic
2811 1363 3164 1451 Bacchus,
3219 1366 3341 1440 hic
3393 1367 3724 1444 Pomona
3767 1375 3872 1446 lu-

1069 1481 1419 1568 xuriant3
1479 1505 1791 1576 quorum
1856 1483 2237 1569 fructibus,
2305 1495 2382 1556 et
2433 1493 2520 1555 ut
2578 1481 2818 1576 pullis,
2877 1482 3060 1568 ovis,
3117 1484 3517 1578 ceterisque
3573 1497 3872 1582 gustatu

1067 1597 1345 1670 idoneis
1402 1599 1574 1683 frui,
1632 1601 1887 1693 utique
1941 1601 2270 1696 gestiunt
2325 1600 2542 1673 urbes
2594 1621 2816 1693 quam
2862 1598 3240 1692 plurimae,
3289 1623 3496 1676 caseo
3551 1626 3871 1696 praeser-

1068 1714 1225 1798 tim,
1259 1717 1471 1811 longe
1504 1719 1829 1788 omnium
1863 1717 2507 1810 praestantissimo,
2558 1737 2774 1812 quem
2807 1737 2940 1808 per
2971 1716 3294 1790 diversas
3333 1715 3676 1813 Europae
3720 1723 3870 1813 pla·

1064 1851 1195 1926 gas
1228 1833 1459 1906 mittit
1491 1832 2058 1918 humanissime3
2094 1833 2175 1904 in
2208 1855 2295 1906 ea
2325 1833 2514 1906 varii
2548 1855 2778 1927 aquae
2811 1835 3040 1906 salsae
3071 1833 3298 1926 putei,
3343 1835 3536 1907 unde
3569 1859 3718 1908 non
3757 1859 3870 1910 so-

1061 1948 1216 2018 lum
1249 1949 1342 2020 ad
1374 1971 1590 2021 usum
1623 1950 1763 2022 sibi
1796 1951 2280 2022 necessarium
2319 1951 2542 2022 salem
2591 1950 2967 2035 hauriunt,
3019 1951 3204 2043 quin
3246 1957 3323 2024 et
3372 1950 3750 2026 Parmensi
3795 1964 3868 2028 et

1064 2064 1641 2138 Palavicinorum
1704 2067 2045 2138 dominiis
2102 2067 2718 2140 abundantissime
2775 2067 3244 2160 suppeditat;
3307 2067 3466 2164 ejus
3524 2069 3604 2142 in
3661 2093 3865 2144 mon·

1060 2181 1278 2267 tibus,
1312 2192 1387 2256 et
1419 2182 1595 2257 ferri
1628 2193 1703 2257 et
1735 2184 1945 2269 aeris,
1981 2182 2127 2256 hue
2156 2193 2234 2258 et
2263 2185 2438 2256 illuc
2467 2183 2832 2267 efferendi,
2863 2181 3197 2256 fodinae:
3245 2185 3537 2258 collium
3581 2185 3863 2260 fructus

1060 2299 1556 2392 copiosissimi,
1624 2302 1855 2374 olivae
1913 2301 2107 2373 inter
2164 2309 2458 2384 ceteros,
2518 2321 2832 2392 quarum
2887 2300 3126 2372 oleum
3176 2301 3272 2373 ad
3317 2323 3590 2374 annum
3639 2325 3864 2398 prope

1058 2417 1313 2488 accolis
1362 2419 1545 2491 satis
1594 2419 1715 2491 sit.
1817 2416 1945 2491 Ad
1990 2418 2428 2490 occidentem
2478 2415 2750 2488 Trebia
2797 2437 3009 2488 amne
3057 2417 3380 2504 alluitur,
3433 2420 3554 2492 cui
3599 2442 3862 2492 nomen

1052 2532 1334 2624 peperit
1367 2534 1776 2608 immortale
1808 2535 2059 2607 caedes
2092 2533 2588 2607 Romanorum
2622 2534 2716 2605 ab
2747 2533 3111 2606 Annibale
3141 2543 3454 2628 accepta,
3499 2536 3627 2629 qui
3663 2538 3862 2608 varie

1054 2649 1333 2721 divisus
1384 2673 1516 2745 per
1562 2653 1863 2745 praedia
1908 2651 2224 2723 molliter
2269 2649 2561 2734 labitur,
2611 2657 2687 2722 et
2733 2650 3034 2722 laetiora
3082 2671 3349 2742 pascua
3393 2653 3738 2749 gregibus
3787 2665 3857 2726 et

1054 2768 1400 2839 armentis
1432 2790 1582 2840 non
1612 2769 1901 2865 ingrata
1932 2765 2291 2861 producit,
2334 2788 2480 2859 quo
2521 2764 2604 2838 fit
2637 2774 2729 2839 ut
2768 2765 3104 2839 carnibus
3141 2789 3288 2838 non
3332 2769 3666 2861 insipidis
3701 2792 3856 2843 ves-

1052 2892 1310 2956 cantur
1352 2887 1651 2956 accolae.
1752 2883 2116 2968 Ceterum,
2170 2903 2357 2976 quae
2403 2882 2696 2955 urbium
2730 2884 2890 2955 laus
2923 2891 3036 2955 est
3067 2903 3216 2957 non
3249 2885 3529 2969 ultima,
3563 2894 3638 2958 et
3671 2889 3856 2958 anti-

1051 3001 1329 3091 quitate
1388 2999 1829 3072 familiarum
1885 3009 1962 3072 et
2011 2999 2393 3072 nobilitate
2451 3019 2620 3070 cum
2681 2999 3042 3092 plerisque
3103 2999 3358 3072 Italiae
3415 3001 3718 3074 urbibus
3769 3005 3858 3075 de

1046 3115 1460 3209 principatu
1494 3117 1911 3202 contendit3
1966 3138 2057 3188 ex
2088 3137 2236 3208 qua
2267 3135 2486 3208 quam
2533 3115 2832 3208 plurimi
2875 3117 3108 3188 sancti
3156 3116 3508 3204 homineS,
3555 3129 3644 3191 ut
3677 3117 3852 3192 Gre-

1048 3233 1297 3327 gorius
1357 3231 1455 3304 X.
1515 3234 1605 3304 de
1660 3231 2249 3316 Vicecomitibus,
2307 3233 2426 3304 vir
2477 3232 2998 3318 sanctissimus,
3057 3234 3148 3306 de
3205 3235 3418 3330 cujus
3475 3237 3853 3308 canoniza-

1049 3351 1244 3421 tione
1323 3371 1516 3421 nunc
1590 3350 1785 3441 apud
1867 3351 2110 3421 sedem
2192 3348 2682 3442 apostolicam,
2765 3357 3030 3444 rogatu
3119 3349 3694 3424 Placentinorum
3779 3365 3850 3425 et

1044 3464 1543 3548 Aretinorum,
1611 3465 1878 3561 agitur,
1944 3465 2450 3558 innumerique
2515 3464 2794 3550 heroes,
2854 3467 2948 3538 ad
3007 3489 3295 3540 omnem
3351 3469 3648 3541 omnino
3705 3471 3851 3543 vir-

1045 3592 1289 3654 tutum
1356 3581 1937 3654 Christianarum
2002 3582 2330 3674 politiam
2397 3580 2576 3666 nati,
2642 3604 2792 3654 non
2857 3583 3314 3656 mediocriter
3377 3583 3671 3658 Italiam
3735 3610 3849 3660 or-

1043 3708 1225 3771 nant
1272 3707 1347 3770 et
1396 3699 1787 3771 illustrant.
1890 3696 2328 3794 Magnificus
2385 3697 2872 3772 aedificiorum
2921 3707 3266 3773 ornatus:
3316 3702 3512 3794 quod
3559 3691 3848 3796 publico

1042 3825 1341 3908 sumptu
1406 3838 1542 3908 pro
1606 3816 2017 3887 serereniss.
2086 3813 2534 3907 principibus
2591 3823 3086 3888 constructum
3145 3816 3412 3891 visitur
3467 3819 3845 3911 palatium,

1041 3931 1375 4004 omnibus
1458 3932 1611 4004 suis
1695 3931 2108 4003 absolutum
2189 3931 2536 4016 numeris,
2619 3932 3033 4025 sapientum
3103 3933 3384 4029 ¹judicio
3465 3934 3547 4005 in
3627 3935 3844 4009 Italia

1040 4049 1309 4120 forisve
1392 4070 1623 4142 pauca
1704 4049 1911 4141 paria
1990 4047 2121 4118 vix
2202 4045 2560 4119 habuerit.
2687 4046 2836 4119 Hic
2897 4049 3347 4142 amplissima
3408 4053 3842 4148 religionum

1040 4167 1499 4249 monasteria,
1566 4186 1649 4236 ac
1716 4164 2098 4257 praecipue
2162 4160 2260 4234 D.
2328 4159 2736 4262 Augustini
2793 4165 2986 4238 inter
3043 4176 3283 4239 cetera
3335 4169 3841 4242 memorabile:

1038 4281 1275 4352 medio
1338 4283 1419 4352 in
1483 4280 1645 4353 foro
1702 4279 2127 4373 amplissimi
2183 4301 2269 4350 ac
2319 4279 2710 4354 immortali
2762 4281 3172 4377 dignissimi
3237 4285 3585 4356 memoria
3641 4285 3839 4378 prin·-

1036 4400 1229 4490 cipes
1285 4395 1700 4470 Alexander
1758 4406 1832 4468 et
1883 4395 2254 4468 Ranutius
2323 4395 2650 4470 Farnesii
2707 4398 2948 4470 aeneis
3004 4398 3328 4471 insident
3375 4403 3604 4494 equis,
3663 4425 3842 4494 quo-

1035 4537 1199 4587 rum
1254 4537 1373 4586 ars
1418 4523 1492 4586 et
1546 4523 1917 4586 structura
1959 4515 2053 4586 ad
2092 4513 2522 4586 miraculum
2571 4537 2794 4608 prope
2839 4523 2950 4587 est
2998 4537 3218 4609 opera
3265 4515 3634 4589 Francisci
3681 4517 3838 4591 Μο-

1034 4633 1179 4704 chii
1231 4632 1661 4715 Florentini,
1726 4631 1905 4718 adeo
1956 4639 2046 4702 ut
2096 4630 2228 4702 vix
2276 4631 2660 4702 universus
2717 4640 3076 4704 terrarum
3137 4631 3454 4704 ambitus
3510 4633 3840 4730 magnifi-

1034 4749 1312 4821 centius
1359 4769 1707 4841 umquam
1754 4747 1931 4839 quid
1973 4746 2264 4820 viderit.
2366 4744 2590 4819 Urbis
2621 4749 2989 4832 circuitus,
3023 4747 3116 4819 ad
3147 4747 3470 4842 quinque
3501 4751 3838 4822 milliaria

1032 4878 1395 4951 extensus,
1428 4863 1845 4940 fortissimis
1878 4863 2200 4963 cingitur
2221 4863 2598 4938 moenibus
2623 4874 2698 4936 et
2730 4863 3160 4960 aggeribus:
3212 4863 3305 4935 ad
3339 4872 3670 4938 austrum
3706 4886 3834 4936 arx
