4384 5817
1001 517 1130 580 104
1753 514 2223 586 HISTORIA
2252 515 3017 586 ‹ECCLESIASTICA

1297 701 1412 777 De
1443 703 1844 799 praecipuis
1876 703 2086 776 Fidei
2117 703 2495 798 Mysteriis
2986 703 3115 778 lib.
3150 725 3203 778 1.

1300 817 1802 914 Variloquium
1841 817 2282 892 Hebraicum
2985 819 3111 892 lib.
3150 839 3205 893 1.

1303 933 1784 1008 Controversa
1814 931 2024 1006 Fidei
2059 931 2319 1027 Capita
2988 933 3111 1008 lib.
3152 951 3207 1006 1.

1303 1047 1762 1124 Evictionem
1795 1049 2309 1122 Ministrorum
2342 1047 2625 1122 Scotiae
2992 1049 3119 1123 lib.
3156 1067 3210 1122 1.

1103 1165 1309 1237 Vivit
1341 1165 1596 1247 adhuc,
1631 1171 1727 1248 ct,
1759 1174 1844 1237 ut
1876 1173 2077 1258 puto,
2111 1162 2251 1236 Dei
2285 1163 2593 1260 gloriam
2622 1163 2705 1236 in
2734 1162 2977 1238 Scotia
3004 1185 3289 1260 gnavus
3320 1177 3681 1260 procurat,
3732 1177 3805 1238 et

1003 1279 1220 1352 audio
1242 1279 1676 1376 jampridem
1709 1280 2114 1374 squalorem
2147 1279 2451 1352 carceris
2485 1277 2900 1354 declinasse.

1673 1457 2293 1584 summamus
2325 1506 2837 1583 BEcKLEY.
2942 1515 3110 1590 187.

1001 1743 1506 1818 Gnmnnuus
1538 1741 1854 1836 Beckley
1883 1739 2305 1826 carmelita,
2338 1740 2605 1814 eximia
2634 1741 3033 1816 eruditione
3068 1763 3153 1814 ac
3196 1742 3463 1834 pietate
3506 1743 3801 1838 insigni,

999 1857 1432 1932 monachum
1463 1857 1540 1929 in
1575 1856 1814 1930 Scotia
1849 1856 2110 1940 induit,
2143 1867 2305 1930 tum
2334 1856 2613 1952 patriae
2644 1855 2799 1930 fato
2832 1859 3003 1930 exul
3032 1853 3269 1930 factus
3300 1858 3380 1930 in
3416 1853 3687 1928 Gallias
3722 1881 3799 1928 se

999 1975 1328 2058 contulit,
1371 1983 1532 2046 tum
1576 1994 1623 2045 a
1663 1995 1835 2070 rege
1881 1971 2162 2046 Scotiae
2204 1970 2476 2046 Jacobo
2520 1969 2665 2046 111.
2710 1971 3007 2044 domum
3053 1981 3429 2046 revocatus
3472 1971 3801 2046 substitit

997 2091 1078 2160 in
1113 2087 1407 2186 Anglia,
1444 2097 1530 2162 ut
1561 2089 1640 2160 in
1673 2087 2227 2162 Conectionibus
2262 2085 2571 2160 Gilberti
2612 2086 2895 2160 Breuni
2936 2087 3265 2160 habetur.
3368 2086 3797 2180 Imprudens

999 2214 1111 2277 est
1140 2203 1190 2276 J
1192 2225 1458 2278 oannes
1491 2203 1846 2288 Pitsaeus,
1879 2203 2008 2296 qui
2039 2201 2368 2300 Anglum
2400 2202 2597 2288 facit,
2625 2223 2793 2276 cum
2816 2201 3111 2276 Scotum
3134 2211 3420 2298 praeter
3442 2209 3797 2276 nostrates

999 2339 1164 2392 eum
1221 2319 1440 2392 faciat
1489 2317 1584 2390 R.
1636 2318 1724 2392 P.
1775 2317 1886 2392 M.
1938 2315 2261 2390 Thomas
2318 2315 2736 2402 Saracenus,
2794 2339 3037 2392 sacrae
3092 2316 3493 2414 theologiae
3550 2317 3803 2389 doctor

999 2435 1500 2520 Bononiensis,
1536 2443 1612 2506 et
1643 2433 2020 2506 Ferrariae
2051 2430 2525 2526 exprofessor.
2626 2431 2930 2527 Scripsit

1295 2549 1724 2634 Quodlibeta
1757 2547 2110 2640 quaedam
2984 2547 3108 2618 lib.
3147 2566 3199 2620 1.

1283 2663 1406 2736 -De
1440 2664 2019 2737 Fraterculorum
2054 2661 2371 2735 Decimis
2985 2663 3111 2736 lib.
3150 2683 3203 2733 1.

1297 2779 1770 2866 Quaestiones
1800 2777 2201 2850 ordinarias
2982 2778 3110 2853 lib.
3146 2796 3199 2850 1.

1297 2894 1691 2968 Conciones
1725 2893 1964 2968 varias
2987 2893 3111 2966 lib.
3150 2913 3203 2964 1.

1099 3011 1385 3086 Flomit
1415 3031 1608 3084 anno
1625 3025 2291 3118 ‘mccccxxxvnn

1687 3238 2332 3314 WILHELMUS
2380 3239 2593 3312 BEN
2598 3239 2833 3314 YNG
2941 3245 3105 3314 188.

999 3475 1542 3546 Wlnnnnuus
1577 3472 1911 3606 Benyng,
1944 3473 2144 3566 prior
2174 3473 2265 3546 de
2295 3469 2374 3542 N
2373 3472 2711 3558 eubottel
2741 3483 2817 3548 et
2848 3482 3097 3566 postea
3129 3473 3345 3548 abbas
3380 3473 3631 3568 Cupri,
3681 3477 3797 3546 vir

873 3585 882 3594 ’
998 3589 1269 3686 insigni
1292 3590 1582 3683 pietate,
1607 3611 1740 3662 nec
1761 3589 2040 3662 minore
2062 3589 2459 3672 literatura,
2484 3587 2801 3686 religiosi
2828 3589 2981 3662 voti
3014 3589 3319 3686 diligens
3351 3579 3810 3674 observator,

994 3706 1280 3799 scripsit
3796 3759 3805 3768 .

1295 3817 1409 3892 De
1434 3818 1610 3892 Vita
1634 3817 1880 3892 Sancti
1902 3817 2022 3891 Jo.
2049 3815 2269 3902 Scoti,
2292 3819 2445 3892 nati
2470 3821 2549 3892 in
2574 3821 2747 3892 villa
2771 3819 3063 3893 Podoen
3082 3842 3303 3914 prope
3326 3819 3732 3894 Cestriam
3712 3845 3793 3892 ιιι

1395 3932 1689 4032 Anglia,
1721 3935 1850 4008 sed
1881 3933 2139 4032 deinde
2171 3931 2416 4006 Sancti
2448 3935 2783 4008 Andreae
2814 3935 3127 4028 episcopi
3160 3935 3388 4020 electi,
3423 3935 3549 4010 lib.
3586 3956 3637 4006 1.

1097 4049 1308 4122 Vixit
1356 4069 1547 4122 anno
1598 4064 2150 4122 Mchxxvm.
2251 4045 2679 4146 Elegantem
2728 4071 2945 4144 porro
2984 4051 3191 4124 illum
3224 4051 3547 4124 libellum
3580 4063 3791 4122 vocat

999 4161 1578 4238 Scotichronicon
1611 4163 1736 4235 lib.
1773 4179 1884 4234 v1.
1919 4183 2074 4256 cap.
2113 4180 2252 4235 xl..
2352 4163 2525 4236 Alia
2569 4165 2816 4249 edidit,
2866 4167 2991 4238 sed
3040 4187 3187 4237 non
3238 4176 3509 4248 extant,
3561 4189 3795 4258 neque

993 4281 1226 4372 apices
1259 4279 1350 4350 ad
1383 4299 1499 4350 me
1534 4287 1910 4352 venerunt.

1645 4437 2299 4548 ALEXANDER
2349 4475 2853 4552 ΒΕΤοΝυε.
2961 4481 3127 4558 189.

991 4625 1544 4698 ALEXANDEB
1626 4623 1973 4710 Betonus,
2055 4625 2319 4700 nobilis
2398 4648 2681 4722 genere,
2767 4647 2898 4711 nce
2982 4627 3251 4700 virtute
3332 4627 3627 4718 dispari,
3712 4628 3793 4696 in

995 4739 1350 4814 Patavino
1451 4737 1690 4834 Lyceo
1790 4741 2179 4814 medicinae
2278 4741 2527 4815 doctor
2624 4715 2978 4834 nonNtiga
3058 4741 3337 4835 pridem
3420 4741 3795 4813 renuncia-
