4384 5817
1353 780 1925 856 ΤΗΟΜΑΕ
1996 780 2827 857 DEMPSTERO
2909 782 3354 868 SCOTO,

1580 964 2011 1039 Academiae
2044 966 2355 1039 Nocns
2389 964 2758 1037 Bononiae
2795 965 3130 1059 ascripto,

976 1148 1191 1224 Viros
1223 1146 1533 1223 Patriae
1562 1168 1742 1219 suae
1774 1142 1995 1221 illust.
2008 1148 2180 1245 jam
2213 1155 2431 1221 antea
2461 1142 2859 1245 descriptos
2890 1144 2966 1217 in
2999 1144 3227 1221 lucem
3271 1172 3462 1224 nunc
3505 1118 3792 1225 edente·

1503 1344 1898 1414 ADMOD.
1960 1346 2045 1411 R.
2108 1344 2187 1410 P.
2249 1342 2780 1411 BASSIANO
2839 1344 3212 1425 GATTO,

1662 1536 2020 1611 Monacho
2052 1532 2478 1607 Eremitano
2517 1534 2593 1605 S.
2632 1532 3083 1630 Hieronymi,

2060 1728 2666 1797 EPIGRAMMA.

1308 1978 1525 2045 Sidera
1550 1988 1705 2065 quot
1732 1996 1977 2041 summo
2006 1972 2098 2041 sol
2128 1986 2310 2040 nocte
2338 1951 2568 2039 colorat
2597 1972 2896 2063 Olympo,

1397 2084 1471 2148 Ν
1474 2103 1649 2147 oc‘rn
1680 2078 1958 2145 Thomas
1987 2078 2156 2145 coelo
2186 2090 2280 2143 tot
2310 2076 2553 2143 Scotiae
2582 2080 2954 2158 accumulat,

1310 2188 1510 2254 Nube
1538 2186 1683 2253 dein
1710 2186 1943 2251 frustra
1974 2182 2149 2272 eupit
2177 2196 2312 2249 atra
2341 2182 2569 2247 oblivio
2597 2182 2839 2249 coelum

1398 2292 1705 2372 Obruere‚
1734 2304 1810 2357 ut
1836 2299 2093 2377 pereant
2121 2300 2217 2354 tot
2245 2299 2650 2353 monumenta
2676 2286 2811 2352 viri.

1308 2400 1435 2465 Ast
1462 2397 1552 2462 illi
1578 2396 1855 2462 rediviva
1882 2395 2050 2483 typis
2078 2414 2242 2459 nova
2267 2391 2507 2457 lumina
2535 2406 2815 2478 surgent,

1398 2502 1497 2569 Ut
1524 2502 1648 2567 sint
1675 2513 1979 2589 perpetua
2004 2500 2073 2565 in
2102 2498 2354 2563 Nocrr.
2383 2495 2676 2562 habitura
2703 2496 2886 2563 diem.
2985 2502 2992 2511 ’

1312 2606 1647 2695 Dempster
1674 2604 2071 2694 Apollineus,
2100 2603 2190 2669 sio
2219 2624 2362 2668 cum
2390 2602 2551 2669 Jove
2569 2603 2835 2693 junctus
2861 2604 3082 2683 amico,

1400 2710 1635 2778 Influet
1663 2710 1730 2775 in
1758 2708 1975 2791 vitam,
2004 2721 2081 2775 ut
2108 2720 2326 2774 vernet
2353 2708 2434 2773 ab
2463 2706 2730 2796 eloquio.

2056 2920 2352 2985 Honoris
2379 2938 2526 3001 erqo
2547 2920 2772 3003 potuit
2797 2918 3098 2985 Ovmms
3131 2920 3693 3001 Mox-truanes,

2158 3080 2167 3087 .
2275 3022 2696 3108 Ruyiadom
2725 3024 3148 3092 Academicus
3176 3028 3420 3095 Noctis.

1434 3460 1862 3529 ROBERTI
1910 3459 2181 3527 BODII
2229 3460 2980 3531 ABREDONENSIS
3027 3462 3313 3529 SCOTI.

1318 3664 1565 3731 Heroos
1594 3665 1853 3746 animos,
1884 3665 2145 3755 aevique
2170 3678 2424 3733 aeterna
2449 3666 2744 3733 Britanni

1314 3770 1493 3836 Dum
1523 3783 1597 3837 tu
1624 3784 1802 3857 gesta
1829 3770 2020 3851 canis,
2050 3770 2446 3858 Dempstere,
2475 3772 2842 3859 potentibus
2865 3772 3070 3861 impar

1315 3873 1595 3941 Tantum
1625 3876 1963 3956 coelicolis,·
1978 3876 2155 3964 queis
2182 3898 2349 3941 mors
2375 3876 2694 3942 velocibus
2725 3876 2892 3943 horis

1316 3978 1461 4045 Jam
1482 3979 1670 4067 jubet
1698 4002 1831 4045 esse
1860 4002 2094 4068 parem,
2124 3980 2322 4045 nescit
2353 3993 2464 4045 tua
2493 3980 2703 4047 Seotia
2729 3981 2948 4049 laudes

1314 4084 1439 4151 Cui
1468 4084 1705 4150 tribuat
1728 4106 1928 4163 veras,
1958 4096 2169 4149 tantae
2195 4084 2520 4172 praeconia
2545 4084 2770 4165 famae,
2831 4092 2844 4103 ‘

1318 4188 1391 4255 Si
1417 4188 1535 4255 tibi
1564 4189 1693 4255 sive
1722 4189 1861 4268 sibi,
1894 4188 1983 4254 sic
2010 4210 2221 4254 seeum
2239 4186 2446 4275 'gloria
2473 4202 2704 4266 cettan

1320 4294 1449 4360 Sed
1472 4306 1623 4359 nato
1650 4293 1875 4359 debere
1903 4316 2019 4359 suo
2046 4314 2185 4357 mea
2215 4292 2422 4358 Scotia
2449 4294 2707 4381 gaudet,

1321 4400 1415 4464 Et
1442 4398 1701 4486 gaudes,
1732 4420 1893 4477 care,
1924 4410 1999 4463 tu
2026 4396 2240 4463 tollere
2261 4410 2440 4484 gesta
2465 4399 2757 4487 parentis.
2865 4390 2872 4399 ’

1325 4502 1629 4570 Mortales
1658 4526 1773 4569 sua
1799 4503 1987 4569 busta
2012 4496 2241 4569 sseant':
2287 4504 2646 4592 patriaeque
2673 4504 2912 4593 tibique

1320 4609 1431 4674 Tu
1456 4608 1615 4673 vivis
1644 4619 1786 4697 post
1814 4608 1981 4684 ἠως
2030 4607 2127 4673 tui
2154 4630 2356 4674 novus
2382 4607 2584 4674 incola
2611 4608 2786 4689 eoeli,
2861 4622 2864 4625 ’

1320 4712 1605 4801 Despicis
1632 4712 1918 4779 aethereo
1946 4712 2232 4779 mortales
2259 4711 2488 4778 vertice
2515 4734 2712 4779 curas.

1322 4818 1461 4884 Aut
1490 4818 1753 4905 majam
1783 4818 1949 4885 dicat
1976 4812 2264 4906 genuisse
2291 4814 2622 4883 Britannia
2649 4840 2906 4897 numen,

1322 4925 1462 4991 Aut
1488 4924 1775 5013 genuisse
1804 4944 1993 4992 suum
2016 4918 2334 4991 fateantur
2359 4922 2618 4991 numina
2647 4924 2925 4993 Scotum.
3011 4950 3016 4953 ·

4323 4212 4334 4733 ——4-———
4330 4168 4332 4185 .,
