4384 5817
1037 573 1171 641 800
1806 569 2280 644 HISTORIA
2323 568 3083 642 ECCLESIASTICA

1044 765 1563 840 monasterium
1611 765 2230 861 cognominatur?
2327 763 2582 862 Pergit
2631 763 2888 838 deinde
2937 763 3306 848 miracula,
3356 765 3451 838 ab
3481 788 3570 840 eo
3599 787 3854 862 perpe-

1046 890 1241 956 trata
1282 881 1627 977 quotidie,
1678 901 2145 968 enumerare3
2197 903 2384 974 quae
2433 891 2520 954 tu
2567 881 2757 953 vide.
2857 879 2910 952 J
2909 881 3176 953 odocus
3209 879 3608 957 Metzlerus
3657 883 3852 977 apud

1050 993 1151 1071 H.
1180 998 1553 1072 canisium
1582 1005 1759 1070 tom.
1788 1015 1865 1068 v.
1888 995 2387 1090 Antiquarum
2408 996 2734 1070 Lection.
2755 1019 2924 1094 pag.
2953 1014 3490 1071 Dccxxxvln.
3529 1009 3574 1042 “
3599 999 3673 1072 S.
3685 997 3854 1071 Gal-

1044 1117 1184 1201 lus,
1238 1117 1507 1188 electus
1552 1113 1694 1186 Dei
1742 1112 2063 1186 famulus
2112 1115 2250 1186 sub
2299 1115 2708 1186 obedientia
2755 1123 2830 1188 et
2877 1115 3134 1211 regula
3179 1113 3257 1187 S.
3307 1113 3764 1200 columbani,
3811 1139 3854 1188 e

1045 1230 1289 1306 Scotia
1320 1231 1639 1316 veniens,
1674 1231 1935 1324 spretis
1968 1231 2330 1304 nobilibus
2365 1231 2810 1324 parentibus,
2845 1231 3244 1324 mundique
3273 1233 3582 1326 pompis,
3619 1233 3850 1306 vitam

1043 1369 1447 1442 pauperum
1495 1347 1779 1443 elegit.”
1880 1345 2505 1420 constantiensem
2555 1349 3044 1441 episcopatum
3091 1349 3507 1438 recusavit3
3569 1347 3848 1434 Latine,

1044 1463 1341 1550 Scotioe,
1378 1463 1825 1548 Germanice,
1860 1471 1933 1534 et
1968 1462 2240 1536 Gallice
2271 1465 2587 1549 edoctus,
2621 1463 3170 1536 humanioribus
3209 1463 3433 1560 juxta
3477 1473 3552 1538 et
3583 1465 3853 1538 divinis

1042 1581 1273 1654 literis
1326 1579 1980 1664 instructissimum
2050 1581 2268 1654 unico
2319 1581 2542 1654 verbo
2597 1581 2960 1654 concludit
3017 1581 3161 1664 ille,
3223 1589 3272 1624 “
3314 1603 3532 1675 quem
3589 1583 3852 1655 merito

1044 1695 1435 1770 Alemanni
1500 1717 1719 1768 suum
1776 1697 2179 1788 apostolum
2250 1697 2576 1770 vocant.”
2701 1697 2928 1769 Plura
2992 1705 3236 1770 autem
3299 1719 3707 1792 anonymus
3773 1699 3852 1771 in

1043 1812 1224 1887 Vita
1254 1811 1333 1884 S.
1366 1812 1797 1898 Burchardi,
1854 1811 2322 1885 Marcellinus
2356 1813 2436 1884 in
2467 1811 2648 1886 Vita
2693 1813 2771 1886 S.
2822 1812 3218 1900 Suniberti,
3267 1813 3496 1888 Jonas
3543 1815 3624 1887 in
3680 1813 3850 1890 Vita

1046 1929 1499 2014 Columbani,
1534 1927 1987 2012 Theodorus,
2022 1930 2416 2002 monachus
2449 1927 2524 2002 S.
2562 1928 2778 2015 Galli,
2813 1930 2896 2002 in
2931 1929 3112 2004 Vita
3143 1929 3222 2004 S.
3259 1931 3540 2028 Magni,
3577 1931 3850 2026 Raper-

1046 2057 1167 2120 tus
1200 2046 1481 2131 Scotus,
1515 2053 1591 2118 et
1621 2043 2095 2118 Ekerhardus
2118 2046 2374 2140 junior
2405 2069 2498 2120 ex
2529 2048 2778 2120 eodem
2823 2049 3164 2122 coenobio
3215 2049 3296 2120 in
3341 2049 3470 2122 lib.
3505 2049 3852 2122 Benedic-

1043 2173 1309 2250 torum,
1359 2162 1412 2235 J
1412 2185 1573 2236 oan.
1610 2161 1955 2234 Leslaeus
2003 2161 2129 2232 lib.
2180 2181 2292 2234 lv.
2339 2161 2542 2236 Hist.
2591 2164 2783 2238 Scot.
2889 2163 3332 2238 Hartmanni
3373 2189 3626 2240 versus
3667 2189 3848 2259 pene

1044 2281 1553 2374 praeterieram
1588 2279 1837 2352 eodem
1870 2288 2044 2352 tom.
2080 2296 2154 2349 v,
2190 2277 2582 2373 Antiquar.
2619 2280 2946 2356 Lection.
2983 2305 3150 2378 pag.
3187 2299 3429 2355 noel..

1658 2425 1782 2486 Hic
1807 2424 2033 2496 domus,
2059 2425 2173 2486 hac
2195 2436 2287 2486 est
2311 2427 2503 2507 patria
2527 2437 2758 2488 creatus

1648 2523 1871 2584 Fautor
1898 2521 2274 2582 Oranus
2299 2521 2722 2584 Burnum-rus
2745 2522 2932 2596 abbag

1650 2615 1917 2689 Gumus
1942 2637 1977 2676 a
2006 2617 2228 2678 Soo'ns
2253 2617 2498 2678 veniens
2521 2617 2720 2680 beavit

2277 2711 2496 2774 Omnia
2520 2725 2737 2776 nocua.

1142 2861 1446 2934 Praeter
1478 2885 1601 2935 eos
1644 2884 1827 2956 quos
1872 2862 2189 2946 laudavi,
2240 2861 2534 2935 Scotum
2579 2863 2755 2936 facit
2797 2860 3077 2936 Anton.
3127 2861 3423 2936 Possev.
3455 2861 3656 2962 App.
3693 2861 3846 2936 Sac.

1044 3001 1213 3076 pag.
1252 2995 1516 3051 Dxxv.
1584 2979 1851 3075 Georg.
1888 2977 2284 3051 Garnefelt.
2320 2977 2476 3052 Vit.
2511 2979 2820 3055 Eremit.
2853 3005 3023 3078 pag.
3061 2997 3185 3054 ce.
3221 2989 3268 3024 ‘⁶
3291 2978 3368 3052 S.
3405 2977 3660 3054 Gallus
3685 2981 3849 3054 Sco-

1045 3106 1190 3181 tus,
1224 3096 1445 3169 abbas
1477 3096 1671 3189 apud
1703 3094 2148 3170 Arbonam.'’
2233 3093 2424 3168 Vide
2455 3097 2534 3168 in
2575 3093 3064 3170 Columbanue
3093 3097 3218 3170 lib.
3259 3115 3384 3170 111.
3419 3108 3496 3172 et
3525 3099 3654 3171 lib.
3689 3115 3844 3170 ΧΠ.

1047 3217 1125 3286 in
1160 3211 1587 3289 Macarius.
1690 3215 1994 3308 Scripsit
2028 3217 2284 3300 multa,
2321 3237 2414 3288 ex
2444 3214 2707 3309 quibus
2741 3215 2918 3288 haec
2949 3215 3330 3288 ferunturz

1344 3331 1581 3426 Super
1644 3331 2157 3428 Evangelium,
2228 3341 2274 3374 ‘⁶
2341 3331 2532 3405 Ecce
2601 3354 2732 3404 nos
2809 3331 3238 3425 reliquimus
3325 3331 3633 3416 omnia,”
3717 3329 3848 3404 διε.

1443 3449 1695 3522 Sermo
1726 3448 2204 3544 gravissimus
2301 3448 2430 3520 lib.
2467 3465 2522 3520 1.
2623 3447 3020 3521 Metzlerus
3053 3447 3210 3520 loeo
3240 3447 3560 3520 laudato.

1346 3564 1743 3639 Conciones
2305 3565 2432 3636 lib.
2469 3582 2523 3637 1.
2625 3563 3158 3638 Ekerhardus
3123 3563 3401 3664 junior.

1345 3683 1605 3756 Oratio
1646 3685 1737 3754 de
1786 3679 2163 3752 Electione
2203 3679 2256 3752 J
2257 3703 2510 3754 oanms
2551 3679 2914 3774 Discipuli
2955 3682 3071 3754 sui
3115 3693 3192 3756 et
3219 3681 3586 3754 Diaconi
3563 3704 3644 3753 m
3675 3623 3852 3775 Epi·

1442 3809 1813 3893 scopatum
1854 3795 2502 3871 Constantiensem.
2601 3795 2839 3870 Extat
2869 3806 3044 3870 tom.
3081 3815 3194 3871 VI.
3241 3821 3397 3892 par.
3435 3817 3526 3872 11.
3579 3797 3850 3872 Biblio-

1448 3915 1697 3990 thecae
1728 3915 1859 3988 SS.
1896 3912 2204 3988 Patrum
2237 3936 2406 4010 pag.
2443 3930 2796 3986 nccxm.

1344 4030 1815 4104 Gubernandi
1848 4029 2250 4104 Ecclesiam
2283 4029 2553 4103 Forma
3231 4030 3358 4104 lib.
3395 4050 3450 4104 1.

1346 4147 1639 4222 Monita
1668 4147 2017 4220 salutaria
2048 4147 2143 4218 ad
2172 4145 2630 4218 Walmarum
2665 4143 3182 4240 Presbyterum
3235 4147 3364 4220 lib.
3401 4165 3456 4218 1.

1146 4265 1354 4340 Obiit
1384 4265 1725 4339 Arbonae
1758 4265 1840 4337 in
1872 4263 2059 4338 festo
2092 4260 2169 4335 S.
2209 4261 2610 4347 Michaelis,
2644 4261 2842 4336 febre
2877 4263 3130 4335 statim
3161 4287 3208 4338 a
3237 4265 3578 4338 concione
3625 4289 3853 4341 corre·

1044 4391 1242 4477 ptus,
1292 4405 1483 4456 anno
1532 4382 1789 4455 aetatis
1840 4397 2033 4452 XCV.
2143 4377 2236 4450 In
2293 4375 2704 4452 Germaniis
2759 4379 3014 4464 haesit,
3074 4379 3382 4454 abeunte
3430 4381 3512 4454 in
3564 4380 3854 4456 Italiam

1045 4499 1401 4598 magistro
1466 4521 1600 4572 suo
1664 4517 1859 4569 anno
1924 4513 2161 4568 DXVI.
2227 4505 2318 4568 ut
2383 4493 2800 4590 Rheginoni
2871 4495 3118 4568 abbati
3181 4499 3418 4592 placet
3479 4499 3560 4570 in
3628 4499 3856 4572 Chro-

1044 4617 1233 4702 nico,
1291 4614 1677 4688 manifesto
1734 4634 1907 4686 sane
1960 4634 2204 4684 errore
2243 4611 2566 4684 numeri.
2669 4609 2938 4685 Melius
2987 4611 3370 4686 Marianus
3421 4613 3678 4687 Scotus
3729 4639 3854 4688 an·-

1044 4755 1145 4806 no
1206 4749 1401 4806 Dxc.
1512 4729 1797 4803 Claruit
1854 4732 1933 4801 in
1990 4726 2430 4802 Alemannis
2476 4750 2670 4802 anno
2731 4745 3057 4802 Dcxxn.
3111 4731 3217 4803 ait
3265 4729 3588 4828 Sigeber.
3639 4731 3852 4805 Gem-

1046 4849 1443 4936 blacensis3
1510 4849 1763 4922 cellam
1828 4867 2035 4920 suam
2106 4843 2210 4918 ibi
2277 4847 2640 4920 exstruxit
2699 4867 2890 4919 anno
2953 4865 3310 4922 Dcxxxl.
3378 4857 3466 4922 ut
3531 4850 3853 4944 loquitur
