4384 5817
1107 541 1239 608 266
1876 537 2342 608 HISTORIA
2387 535 3136 608 ECCLESIASTICA

1111 755 1269 804 sore
1319 731 1613 804 Failbeo
1660 730 2009 803 intentius
2061 730 2417 813 audiente,
2464 729 2594 823 qui
2643 738 2718 801 et
2765 729 2918 822 ipse
2967 749 3131 800 cum
3199 725 3508 824 Segenio
3563 747 3893 820 praesens

1112 849 1367 930 inerat,
1400 847 1608 941 cujus
1640 847 1985 918 relatione
2021 853 2095 916 et
2128 867 2262 939 ego
2295 845 2448 938 ipse
2479 843 2780 940 cognovi
2811 843 2988 916 haec
3031 843 3278 916 eadem
3311 863 3494 936 quae
3539 841 3890 914 narravi.'’

1112 961 1265 1034 Nec
1296 965 1507 1056 plura
1540 961 1731 1053 apud
1764 961 1989 1033 alium
2022 960 2111 1032 de
2143 983 2250 1033 eo.
2355 958 2657 1052 Scripsit

1396 1052 1597 1148 λεια
1628 1076 1703 1146 s.
1740 1074 2129 1148 columbae
2985 1072 3110 1145 nh.
3149 1091 3202 1144 ι.

1213 1191 1500 1264 Floruit
1534 1213 1723 1263 anno
1754 1193 1968 1263 salut.
2006 1207 2334 1264 Dvan.
2429 1189 2711 1262 Colitur
2741 1189 2858 1260 die
2889 1205 3033 1260 xv.
3069 1187 3414 1264 Februar-
3529 1187 3895 1283 Reliquiae

1112 1307 1527 1380 colebantur
1556 1307 1635 1376 in
1669 1305 2198 1378 Sutherlandia.
2283 1303 2644 1378 Scotichr.
2679 1304 2804 1377 lib.
2843 1323 2966 1378 111.
3000 1325 3154 1397 cap.
3189 1321 3368 1376 ΣΠ.

2144 1535 2580 1612 ERVEUS.
2687 1541 2854 1616 494.

1112 1769 1471 1854 Eamus,
1492 1770 1961 1842 monasticam
1984 1770 2212 1842 vitam
2231 1768 2615 1862 professus,
2627 1767 3112 1842 Camelitano
3131 1791 3210 1842 se
3231 1741 3574 1842 instituto
3595 1769 3894 1853 addixit,

1112 1887 1309 1978 quod
1354 1909 1439 1957 ea
1480 1893 1714 1957 aetate
1761 1885 2057 1957 mirifice
2103 1886 2296 1978 apud
2345 1884 2592 1958 Scotos
2625 1884 2963 1956 florebat·
3013 1887 3326 1978 patriam
3375 1886 3622 1958 adulta
3669 1895 3894 1958 aetate

1114 2002 1549 2095 relinquenS,
1608 1999 1943 2071 Lutetiae
1996 2001 2398 2096 theologica
2465 2001 2707 2073 studia
2761 2003 3155 2092 amplexus,
3229 2001 3702 2072 clarissimum
3761 2001 3893 2072 sibi

1109 2117 1523 2209 patriaeque
1578 2137 1841 2188 nomen
1891 2117 2214 2207 peperit;
2278 2138 2493 2209 quem
2542 2117 2720 2188 satis
2767 2116 3020 2186 mirari
3065 2137 3210 2188 non
3257 2138 3552 2208 possum
3601 2118 3680 2186 in
3727 2116 3895 2188 Car-

1110 2232 1451 2303 melitana
1495 2231 1947 2302 Bibliotheca
1992 2233 2364 2314 omissum,
2417 2253 2582 2302 cum
2634 2233 2714 2302 in
2767 2231 2946 2302 actis
3004 2230 3428 2304 Parisiensis
3479 2233 3891 2315 academiae,

1110 2355 1185 2418 et
1216 2347 1295 2416 in
1330 2345 1661 2417 Indiculo
1694 2346 1792 2416 sit
1824 2344 2266 2438 Scriptorum
2305 2345 2703 2430 Scotorum,
2737 2346 2866 2440 qui
2897 2345 3068 2418 licet
3095 2369 3390 2418 mancus
3425 2349 3545 2431 sit,
3579 2357 3822 2419 tamen
3851 2371 3893 2419 a

1108 2461 1437 2557 diligenti
1471 2469 1581 2532 est
1612 2471 2015 2556 congestu&
2053 2469 2127 2534 et
2174 2463 2332 2534 sola
2373 2461 2708 2554 nudaque
2752 2460 3048 2534 nomina
3087 2463 3604 2554 complectitur.
3705 2461 3888 2572 Ejus

1110 2584 1348 2648 exstat

1404 2689 1516 2761 De
1547 2689 1885 2761 Conciliis
1918 2689 2416 2764 oecumenicis
2743 2739 2748 2746 ·
2785 2692 2909 2764 lib.
2947 2709 3000 2762 1.
3099 2691 3386 2764 Prodiit
3419 2691 3773 2765 Lutetiae.

1206 2805 1417 2877 Vixit
1448 2827 1639 2876 anno
1674 2823 1917 2877 nece.

2196 3034 2816 3111 EGINARTUS.

1111 3267 1629 3352 EGINARTUS,
1677 3269 1831 3340 sive
1872 3267 2266 3353 Eunai-dus,
2309 3291 2455 3340 non
2504 3270 3176 3343 Franco-orientalis
3225 3271 3390 3356 fuit,
3440 3282 3526 3345 ut
3557 3271 3887 3345 Germani

1111 3385 1572 3468 contendunt,
1605 3385 1727 3456 sed
1762 3385 2043 3469 Scotus,
2086 3395 2171 3458 ut
2215 3383 2407 3456 infra
2435 3386 2516 3457 in
2548 3407 2720 3458 voce
2757 3380 3197 3458 Kineardus
3225 3388 3650 3479 probabitur
3677 3415 3703 3479 ς
3755 3411 3890 3483 quo

1113 3503 1266 3572 loco
1302 3499 1587 3571 abunde
1618 3501 1709 3570 de
1744 3500 1869 3570 illo
1904 3501 2090 3572 vide.

1856 3731 1903 3801 J
1905 3729 2204 3803 OANN
2209 3729 2333 3802 ES
2381 3729 2884 3803 ELDMAIR.
2988 3736 3158 3812 495.

1113 3962 1163 4033 J
1167 3981 1499 4034 oANNEs
1532 3963 1865 4035 Eldmair
1898 3979 2163 4058 magno
2192 3962 2482 4034 nomine
2513 3964 2707 4056 apud
2737 3985 2906 4035 suos
2939 3974 3012 4036 et
3037 3963 3280 4039 Gallos
3306 3968 3587 4039 claruit.
3677 3967 3883 4041 Hect.

1117 4079 1466 4151 Boethius
1498 4081 1622 4151 lib.
1650 4097 1895 4150 xv111.
1935 4077 2214 4150 Histor.
2250 4077 2505 4150 Scotic.
2529 4079 2610 4149 in
2631 4078 2772 4149 fine
2797 4097 2817 4149 z
2853 4088 2898 4120 ‘⁶
2917 4079 3040 4152 Ex
3064 4083 3328 4154 nostris
3355 4105 3556 4154 sacra
3579 4084 3886 4176 discipli-

1120 4217 1217 4264 na
1250 4195 1633 4266 admodum
1660 4197 1949 4278 eruditi,
1974 4191 2105 4266 sce.
2130 4193 2180 4264 J
2180 4215 2447 4265 oannes
2472 4193 2824 4280 Eldmair,
2849 4217 2894 4266 a
2915 4194 2968 4265 J
2967 4197 3186 4269 acobo
3211 4197 3617 4283 Kenneth0,
3650 4199 3891 4272 Sancti

1115 4305 1451 4408 Andreae
1484 4312 1834 4402 episcopo,
1870 4335 1915 4380 a
1948 4309 2338 4381 Parisiensi
2371 4311 2733 4381 academia
2779 4312 3068 4396 accituS,
3115 4327 3202 4386 ut
3245 4316 3322 4384 in
3365 4313 3686 4409 Collegio
3737 4315 3890 4386 Ser-

1116 4425 1411 4508 vatoris,
1456 4425 1647 4519 quod
1694 4425 1975 4519 ingenti
2020 4433 2318 4516 sumptu
2361 4423 3059 4520 magnificentissime
3102 4429 3536 4512 condiderat,
3581 4431 3888 4525 egregie-

1114 4563 1255 4634 que
1286 4541 1379 4613 ad
1412 4539 1899 4612 studiosorum
1940 4559 2157 4610 usum
2207 4540 2601 4623 dotaverat,
2649 4540 2935 4612 divinas
2985 4549 3202 4635 atque
3249 4543 3602 4615 humanas
3651 4546 3888 4618 literas

1116 4654 1635 4748 profiteretur.'’
1740 4654 1927 4749 Ejus
1960 4665 2179 4726 sunt:

1414 4769 1505 4842 In
1543 4769 1797 4842 Libros
1830 4769 2362 4846 Sententiarum
2694 4772 2819 4843 lib.
2859 4789 2970 4842 Π.
3071 4771 3388 4846 Joannes
3427 4773 3690 4871 Maj0r.
