4384 5817
1249 569 1606 640 GENTIS
1650 563 2215 648 sco'roRUM,
2262 563 2448 636 LIB.
2494 565 2553 634 Ι.
3242 561 3331 630 87

529 781 786 856 scopus
839 759 1445 857 Hagustaldensis
1499 763 1584 834 in
1630 759 1906 858 Anglia
1951 757 2441 844 renunciatus,
2489 755 2615 830 sed
2662 752 2903 854 gentis
2948 751 3115 826 odio
3159 753 3330 826 sede

531 899 662 950 sua
691 877 1058 970 depulsus,
1091 873 1456 950 candidae
1485 877 1714 950 Casae
1747 878 2122 970 episcopus
2165 873 2247 946 in
2290 873 2532 948 Scotia
2562 878 2675 945 est
2705 870 3207 968 inauguratus,
3242 878 3330 942 ut

527 993 850 1084 disputat
885 989 1098 1064 Hect.
1133 989 1394 1064 Boeth.
1429 992 1554 1065 lib.
1583 1009 1700 1064 1x.
1738 991 1937 1066 Hist.
1963 989 2154 1063 Seot.
2181 1011 2350 1087 pag.
2378 1005 2733 1063 cmm.
2801 983 2993 1084 Ejus
3018 983 3326 1058 auctori-

529 1109 676 1179 tate
709 1107 948 1180 utitur
977 1105 1182 1180 Beda
1211 1105 1339 1180 lib.
1375 1124 1499 1178 111.
1537 1107 1736 1182 Hist.
1770 1104 2183 1180 Ecclesiast-
2221 1103 2437 1180 Gent.
2471 1102 2779 1201 Anglor.
2826 1123 2981 1196 cap.
3018 1115 3207 1174 1111.
3256 1107 3332 1172 et

529 1219 654 1292 lib.
689 1239 804 1295 ιν.
838 1243 992 1316 cap.
1028 1237 1207 1294 xw.
1307 1219 1612 1316 Scripsit

823 1335 1206 1410 Passiones
1237 1335 1668 1418 Sanctorum
2319 1336 2446 1409 lib.
2482 1351 2537 1408 1.

825 1450 1271 1524 Officiarium
1303 1473 1476 1525 snae
1507 1451 1870 1526 Ecclesiae
2314 1452 2443 1525 lib.
2480 1469 2535 1524 1.

826 1565 1196 1662 Epistolas
1228 1568 1324 1642 ad
1353 1565 1650 1644 Amicos
2317 1567 2443 1640 lib.
2483 1584 2536 1639 1.

619 1681 953 1756 Antistes
985 1691 1266 1756 creatus
1297 1691 1408 1756 est
1441 1705 1633 1756 anno
1667 1699 1948 1758 Dcclx.
1999 1681 2306 1756 Sedebat
2347 1684 2525 1755 dum
2556 1679 2761 1755 Beda
2794 1679 2996 1766 obiit,
3029 1679 3167 1754 hoc
3198 1687 3328 1766 est,

529 1820 718 1872 anno
751 1815 1222 1872 nccxxxw.
1303 1797 1573 1872 Matth.
1607 1797 2126 1872 westmonast.
2165 1821 2253 1872 eo
2286 1819 2500 1873 anno.
2586 1797 2794 1872 Obiit
2828 1813 3130 1871 ncch.

1390 2029 1866 2106 JOANNES
1911 2029 2243 2106 ADAM.
2346 2033 2469 2103 54.

528 2261 577 2334 J
579 2277 916 2336 caunas
967 2260 1212 2336 Adam
1269 2261 1830 2350 Aberdonensis,
1896 2261 2441 2345 Dominicanus,
2498 2259 2777 2356 primus
2834 2260 2917 2332 in
2970 2256 3334 2332 academia

526 2399 766 2450 sacrae
833 2378 1234 2475 theologiae
1297 2381 1616 2452 lauream
1683 2379 2118 2452 doctoralem
2180 2377 2522 2471 percepit.
2646 2375 2923 2450 Hector
2979 2372 3335 2450 Boethius

527 2491 651 2564 lib.
707 2509 894 2565 x111.
948 2492 1230 2566 Histor.
1281 2492 1474 2566 Scot.
1525 2517 1693 2590 pag.
1730 2509 2192 2566 chxxxlv.
2240 2491 2593 2566 Ordinem
2644 2515 2859 2566 suum
2905 2491 3001 2566 ab
3046 2489 3207 2584 ipso
3254 2486 3329 2562 S.

531 2605 914 2680 Dominico
945 2625 1172 2680 cccc·
1217 2617 1387 2682 ante
1432 2631 1512 2680 se
1561 2608 1770 2680 annis
1821 2606 2239 2680 Alexandro
2288 2606 2569 2681 Scotiae
2614 2609 2771 2705 regi
2819 2607 3013 2703 apud
3065 2603 3339 2696 Philip·

529 2741 705 2814 pum
738 2721 1016 2795 Galliae
1047 2745 1288 2819 regem
1321 2724 1567 2820 agenti
1599 2723 2199 2808 commendam,
2244 2745 2329 2796 ac
2370 2745 2519 2796 non
2560 2722 2747 2796 nihil
2786 2746 2831 2795 a
2861 2721 3099 2818 primo
3128 2717 3335 2793 insti·
3476 2773 3485 2780 -

531 2845 694 2910 tuto
723 2835 1237 2922 deflectentem,
1269 2839 1740 2912 sanctissimis
1773 2837 2093 2912 moribus
2124 2837 2572 2914 reformavit.
2670 2837 2976 2934 Scripsit

823 2950 936 3023 De
967 2951 1184 3026 Vitae
1216 2953 1660 3026 Monasticae
1692 2952 1942 3026 Laude
2318 2953 2445 3027 lib.
2482 2971 2537 3028 Ι.

827 3065 942 3138 De
972 3065 1469 3140 Dominicanis
1501 3069 1906 3142 illustribus
2324 3069 2451 3144 lib.
2487 3087 2542 3144 1.

628 3181 914 3256 Claruit
945 3203 1136 3256 anno
1171 3199 1447 3258 MDxV.
1547 3183 1839 3258 Laudat
1868 3182 2235 3260 Leslaeus.

1671 3379 1987 3457 ADDA.
2088 3387 2215 3458 5⁵.

530 3528 786 3604 Anna
817 3529 1216 3626 presbyter,
1260 3551 1451 3605 nnus
1495 3551 1587 3605 ex
1630 3540 1944 3626 quatuor
1985 3533 2114 3628 qui
2160 3557 2330 3608 cum
2378 3532 2454 3608 S.
2501 3534 2835 3608 Firmano
2872 3535 2953 3608 in
2983 3533 3333 3632 Angliam

531 3655 900 3728 venerant,
950 3647 1220 3740 quique
1269 3645 1518 3720 Penda
1565 3646 2004 3720 Merciorum
2055 3651 2249 3747 regis
2298 3650 2447 3724 filio
2506 3651 2872 3744 baptizato
2926 3651 3009 3723 in
3054 3648 3333 3745 Anglia

532 3761 884 3845 substitit,
917 3771 1286 3856 totamque
1315 3770 1606 3859 gentem
1653 3763 1748 3834 ad
1797 3761 2248 3837 Christianos
2298 3767 2533 3840 cultus
2582 3765 2957 3860 pertraxit,
3008 3774 3082 3838 et
3130 3789 3333 3840 sacro

529 3875 732 3950 fonte
777 3891 1048 3972 magua
1082 3877 1352 3969 pietate
1393 3879 1760 3962 lustravit,
1811 3885 1898 3948 ut
1933 3888 2184 3952 narrat
2233 3879 2645 3956 Florentius
2678 3881 3207 3978 wigorniensis
3237 3883 3332 3954 ad

531 4013 804 4064 annum
861 4007 1157 4064 nomn.
1215 3989 1408 4088 Ejus
1453 3994 1648 4086 apud
1699 4001 2055 4066 nostrates
2105 3996 2512 4091 scriptores,
2568 3997 2765 4092 quod
2820 3999 3065 4085 sciam,
3128 3999 3331 4070 nulla

531 4105 825 4178 mentio.
925 4105 1231 4199 Scripsit

824 4219 940 4293 De
971 4218 1229 4295 Gratia
1260 4221 1646 4322 Evangelii
2318 4226 2443 4299 lib.
2482 4245 2534 4298 1.

625 4333 914 4409 Claruit
943 4358 1133 4410 anno
1165 4337 1378 4410 dicto.

1593 4533 2036 4612 ALANUS.
2138 4537 2264 4614 56.

529 4679 906 4766 ALANUS,
1015 4679 1234 4754 abbas
1328 4685 1746 4757 monasterii
1845 4686 2223 4762 Scotorum
2322 4687 2567 4763 Sancti
2666 4688 2718 4761 J
2716 4691 2918 4766 acobi
3016 4691 3323 4790 Majoris

526 4797 606 4868 in
705 4795 1050 4872 suburbio
1150 4797 1725 4894 Herbipolitano,
1822 4823 2126 4878 numero
2220 4814 2557 4880 censetur
2663 4821 2908 4880 xxiv,
3018 4805 3325 4883 Theolo-
