4384 5817
1038 521 1129 590 78
1806 515 2276 590 HISTORIA
2315 515 3070 589 EchESIASTICA

1046 733 1277 796 cursa,
1328 709 1661 782 ultimam
1710 709 2085 804 periodum
2132 709 2392 782 clausit
2427 705 2848 794 Dumblanss
2889 707 3020 782 nbi
3055 707 3572 784 miraculorum
3617 713 3836 808 gloria

1044 825 1403 910 inclaruit,
1451 825 1884 898 messoribus
1928 826 2145 918 paulo
2190 833 2360 897 ants
2401 833 2732 910 mortem,
2776 825 3042 920 quibus
3083 845 3218 898 nec
3247 825 3458 920 panis
3503 845 3634 898 nec
3677 849 3834 898 caro

1043 948 1221 1023 erat,
1254 941 1583 1034 precibus
1614 941 1767 1014 suis
1796 941 1995 1018 cibos
2040 943 2242 1038 largo
2285 961 2334 1012 a
2373 939 2532 1014 Deo
2575 939 3016 1036 impetravit.
3117 939 3236 1014 Do
3275 963 3426 1035 qno
3471 939 3551 1012 bi
3595 961 3835 1014 versus

1044 1059 1424 1132 feruntur:

1652 1203 1807 1264 Ecce
1830 1201 1979 1284 plus
1988 1201 2224 1284 praesul
2249 1199 2492 1275 manns,
2513 1200 2765 1283 suspiria
2789 1203 2993 1264 matris

1656 1297 1919 1369 Dolens,
1944 1307 2039 1359 tor
2060 1307 2270 1360 nsum
2293 1297 2451 1377 rogis
2473 1296 2550 1358 da
2571 1308 2760 1360 morte
2783 1297 3108 1360 odumbssn

1654 1393 1913 1460 Suscita
1938 1393 2307 1466 ineolumem,
2335 1391 2814 1474 δαμίηιιιωςιιο
2837 1395 3070 1475 parenti

1654 1487 1957 1560 Reddidit,
1983 1497 2047 1550 ot
2072 1489 2340 1570 sequitur
2365 1487 2586 1549 domini
2611 1489 2858 1570 vestigia
2881 1489 3082 1582 patria-

1048 1638 1350 1732 Scripsit
1546 1635 1659 1710 Ds
1690 1635 2079 1734 Evangelii
2110 1635 2370 1710 Gratia
2929 1637 3056 1710 lib.
3093 1655 3150 1710 1.

1060 1795 1068 1804 -
1545 1751 1821 1826 Versus
1850 1753 2202 1846 quosdam
2233 1773 2474 1826 sacros
2940 1753 3066 1830 mx
3101 1771 3158 1826 1.

1547 1867 1939 1962 Praecepta
1968 1871 2061 1940 ad
2092 1867 2662 1942 catechumenos
2937 1869 3063 1942 lib.
3103 1852 3158 1944 12

1150 1985 1398 2059 Floret
1428 2006 1619 2058 anno
1652 1999 2087 2056 ccccxix-1.
2190 1982 2499 2068 Colitur,
2536 1983 2826 2079 templis
2857 1985 2926 2058 ei
2957 1985 3183 2058 variis
3215 1985 3424 2083 regni
3457 1985 3842 2080 provinciis

1050 2105 1324 2188 erectis,
1357 2102 1475 2174 die
1506 2117 1688 2173 xlx.
1722 2097 1775 2172 J
1774 2099 1928 2173 ulii.
2032 2098 2362 2172 Breviar.
2397 2097 2656 2172 Scotic.
2757 2097 2990 2174 Extat
3021 2099 3357 2174 officium.

1938 2332 2015 2404 S.
2069 2329 2282 2405 BEY
2331 2327 2676 2404 VIRGO.
2783 2335 2951 2410 18¹7.

1047 2567 1123 2639 S.
1184 2566 1375 2638 BnY
1432 2566 1663 2661 virgo,
1720 2562 1857 2637 snb
1913 2563 2248 2637 Donaldo
2301 2583 2474 2659 rege
2527 2561 3090 2636 sanctimonialis
3149 2561 3484 2638 habitum
3527 2583 3578 2635 a
3625 2563 3844 2638 Sodo-

1050 2683 1241 2755 rensi
1276 2681 1607 2774 episcopo
1638 2681 1917 2766 induta,
1960 2679 2374 2778 religiosam
2419 2679 2649 2752 vitam
2691 2680 2772 2752 in
2801 2679 3018 2752 torris
3043 2679 3222 2775 egit,
3255 2688 3332 2754 ct
3361 2681 3734 2754 codam
3765 2681 3842 2752 in

1046 2797 1261 2871 coelis
1294 2797 1581 2868 meruit.

1148 2913 1433 2985 Claruit
1476 2932 1667 2984 anno
1713 2925 2153 2984 ncccxcvl.
2257 2911 2544 2986 Colitur
2585 2910 2917 3007 religiose
2963 2911 3082 2982 die
3125 2928 3180 2983 1.
3227 2907 3620 2984 Novemb.
3665 2919 3844 2983 tem·

1048 3032 1313 3122 piaque
1360 3028 1519 3124 ejus
1568 3025 1707 3104 sub
1751 3027 2228 3113 invocatione,
2285 3035 2443 3100 toto
2493 3027 2766 3121 passim
2819 3047 3068 3123 ragno,
3115 3027 3368 3100 divino
3425 3026 3654 3100 cultui
3697 3047 3842 3099 non

1048 3167 1280 3239 pauca
1312 3153 1591 3228 erecta3
1640 3143 2131 3237 praecipuum,
2162 3152 2252 3217 nt
2277 3143 2519 3228 audio,
2553 3141 2850 3219 Bantiae
2879 3141 3047 3216 fuit.
3133 3141 3592 3216 Brevin-inm
3623 3139 3844 3216 Scoti-

1052 3281 1239 3335 rum.
1342 3259 1534 3332 Acta
1564 3257 1808 3332 omnia
1840 3259 2292 3334 interierunt.

1988 3489 2065 3564 S.
2118 3487 2626 3563 BOEANUS.
2731 3494 2900 3564 138.

1052 3736 1098 3774 “
1130 3724 1204 3798 S.
1238 3725 1665 3810 Ronanus,
1700 3725 2027 3800 sacerdos
2058 3733 2135 3796 et
2166 3722 2515 3815 praesul,”
2547 3730 2634 3794 ut
2665 3721 2990 3816 loquitur
3021 3743 3424 3816 anonymus
3457 3724 3537 3795 in
3565 3719 3742 3796 Vita
3763 3721 3838 3792 S.

1050 3841 1351 3914 Fursaei
1408 3843 1605 3933 apud
1662 3839 1957 3918 Surium
2015 3850 2194 3912 tom.
2255 3857 2310 3911 1.
2369 3861 2535 3935 pag.
2593 3853 2760 3910 exv
2769 3853 2820 3908 1.
2923 3837 3284 3918 Omnibus
3333 3838 3656 3935 ejusdem
3705 3837 3840 3907 viri

1050 3957 1481 4028 sanctissimi
1532 3955 1836 4028 Fursaei
1886 3955 2162 4028 actibus
2211 3964 2288 4026 ct
2335 3955 2734 4027 visionibus
2791 3953 3017 4039 adest,
3077 3963 3514 4027 secretorum
3543 3941 3843 4025 'divino-

1050 4091 1215 4141 rum
1250 4072 1622 4156 con‘scius3
1674 4079 1747 4144 et
1780 4077 1869 4142 ut
1900 4070 2082 4142 scias
2118 4069 2513 4142 Hirlandos
2545 4069 2732 4140 nihil
2773 4069 2854 4140 in
2897 4093 2984 4142 oo
3025 4069 3312 4155 habore,
3361 4071 3466 4143 sic
3505 4069 3661 4162 ipse
3703 4069 3842 4147 ille,

1050 4205 1266 4278 quem
1300 4186 1772 4260 indoctissimi
1804 4185 2124 4270 laudant,
2158 4205 2562 4278 anonymus
2592 4185 2785 4256 idom
2825 4185 3136 4280 scriptor
3173 4193 3532 4259 testatur:
3585 4192 3640 4228 ‘⁶
3667 4181 3846 4258 Ver-

1048 4301 1223 4372 bum
1256 4299 1395 4373 Dei
1428 4299 1907 4394 praedicabat,
1938 4309 2013 4372 ot
2044 4323 2131 4373 oa
2162 4301 2406 4374 omnia
2451 4320 2636 4393 quae
2683 4299 2988 4388 viderat,
3039 4310 3170 4376 aut
3217 4299 3568 4386 audin-at,
3619 4297 3842 4373 omni-

1048 4417 1187 4488 bus
1218 4417 1503 4510 populis
1536 4413 1917 4488 Scotorum
1946 4415 2493 4489 anmmciabat.”
2577 4415 2784 4514 Ergo
2803 4425 2880 4489 et
2903 4416 3248 4490 revelatio
3269 4418 3351 4492 in
3373 4415 3660 4511 populis
3685 4414 3848 4486 Soo-

1050 4543 1295 4605 torum
1352 4531 1777 4628 significata,
1832 4541 1913 4605 ot
1963 4532 2482 4626 depraedicata,
2549 4533 2726 4625 quia
2787 4533 2868 4604 in
2926 4533 3194 4606 eisdem
3247 4533 3604 4605 divinitus
3659 4551 3850 4602 ncce-

1052 4657 1226 4740 pta:
1276 4657 1351 4722 et
1382 4645 1721 4722 Booanus
1751 4649 2042 4741 quidem
2074 4649 2155 4720 in
2172 4649 2422 4741 -patria
2449 4647 2800 4733 substitit,
2835 4647 3156 4722 Fnrsaeo
3185 4669 3354 4720 cum
3385 4646 3734 4720 fratrilms
3771 4647 3848 4716 in

1052 4762 1361 4838 Galliam
1427 4765 1788 4848 tendente,
1854 4777 1940 4836 ut
2022 4785 2233 4858 saepe
2313 4764 2491 4838 alias
2573 4762 2710 4838 hoc
2786 4785 3004 4859 opere
3085 4763 3570 4848 observatum,
3655 4760 3850 4832 viros
