4384 5817
2335 568 2475 651 xvi

1034 779 1317 867 omnia
1352 778 1691 863 turbata
1736 786 1939 860 sunt
1988 776 2093 859 'ab
2140 774 2626 861 hominibus
2677 774 2850 861 n'on
2901 776 3184 861 minus
3235 776 3812 890 grammatiooss

1032 938 1247 1009 rum,
1288 934 1543 1018 quam
1582 930 1865 989 rerum
1906 916 2404 1004 nostrarum,
2442 904 2773 1017 ignaris
2887 906 3584 1017 Siquavoeabula
3617 936 3814 1021 sup-

1029 1036 1473 1149 plevimuS,
1522 1034 1765 1119 uncis
1838 1048 2043 1118 sumt
2102 1032 2445 1119 inclusa.
2591 1035 2762 1119 Hic
2823 1048 3108 1119 autem
3173 1038 3644 1121 monendus
3705 1066 3814 1137 es,

1028 1164 1313 1265 lector,
1343 1164 1507 1248 tria
1532 1162 1735 1263 loca,
1764 1172 1967 1248 tom.
1995 1164 2047 1247 i.
2074 1191 2158 1276 p.
2197 1171 2378 1247 184.
2425 1164 2607 1255 176.
2641 1192 2810 1277 seq.
2839 1164 2956 1248 sic
2982 1162 3308 1249 inclusa
3347 1164 3386 1274 [
3429 1170 3493 1280 ]‚
3529 1166 3814 1279 potius

1028 1294 1628 1405 distinguenda
1664 1320 1841 1377 esse
1876 1292 2039 1376 hoc
2074 1292 2328 1377 modo
2369 1294 2402 1397 (
2440 1300 2498 1403 ),
2535 1293 2852 1407 quippe
2881 1320 3098 1405 quae
3123 1296 3232 1377 ab
3258 1308 3600 1381 auctore
3628 1323 3816 1409 pro·

1030 1424 1272 1507 fecta.
1384 1424 1793 1507 Sexcenta
1836 1420 2019 1505 loca
2066 1421 2718 1522 emendavimus,
2766 1420 2904 1505 vel
2953 1406 3134 1507 levi
3169 1422 3629 1524 literarum,
3681 1425 3814 1509 vel

1033 1552 1474 1637 audaciore
1504 1549 2288 1663 interpunctionum
2315 1551 2834 1647 mutatione,
2875 1551 3090 1637 ratio
3119 1552 3346 1637 enim
3375 1554 3818 1666 interpun-

1031 1680 1285 1790 gendi
1322 1707 1585 1793 prope
1622 1676 1863 1763 nulla
1898 1690 2101 1763 erat.

1038 1878 1049 1883 -
1148 1808 1389 1893 Tom.
1428 1808 1481 1891 i.
1518 1834 1600 1919 p.
1640 1816 1695 1899 7
1700 1816 1773 1893 8.
1882 1819 1927 1859 ‘⁸
1964 1808 2354 1893 Boeanus
2381 1808 2730 1921 quidem
2755 1808 2846 1895 in
2874 1811 3150 1923 patria
3173 1812 3574 1913 substitit,
3603 1812 3815 1896 Fur·

1036 1966 1225 2023 saeo
1298 1964 1493 2023 cum
1528 1937 1967 2021 'fratribus
2032 1938 2125 2022 in
2199 1934 2566 2023 Galliam
2629 1940 3196 2025 tendentibus?
3321 1942 3816 2053 Scripsimus

1034 2068 1414 2154 tendente.
1462 2148 1469 2155 ,
1518 2066 1768 2157 Ρ.·91.
1806 2078 1853 2119 “
1878 2066 2113 2151 Hinc
2136 2066 2457 2151 habent
2483 2064 2743 2165 scoti,
2767 2065 2999 2177 quod
3035 2076 3288 2150 antea
3315 2068 3820 2165 nesciebant,-

1032 2195 1291 2279 fidem
1328 2194 1645 2279 Christi
1694 2192 2264 2307 apostolorum
2315 2194 2854 2306 temporibus,
2907 2212 2996 2279 et
3042 2196 3152 2277 ab
3193 2193 3394 2307 ipsis
3441 2196 3816 2309 epistolis,

1034 2325 1191 2408 sibi
1222 2324 1993 2409 communicatam?
2056 2324 2228 2407 Pro
2251 2324 2610 2437 epistolis
2635 2323 3114 2433 scripsimus
3127 2326 3536 2437 'apostoli-v.
3601 2324 3816 2409 Ibid.

1038 2464 1085 2507 “
1118 2454 1255 2537 Ab
1294 2482 1395 2537 eo
1430 2452 1777 2539 comites
1813 2450 2386 2551 Cathenesiae,
2437 2450 2644 2535 dicti
2697 2451 2962 2551 Barri,
3005 2480 3372 2563 quorum
3421 2454 3818 2565 frequens

1036 2610 1231 2667 cum
1267 2582 1607 2693 'regibus
1643 2582 1949 2667 nostris
1988 2580 2370 2679 affinitas,
2407 2580 2518 2665 ad
2553 2592 3010 2679 atavorum,
3047 2579 3250 2666 lioet
3283 2582 3610 2666 minore
3633 2610 3820 2693 gra-

1038 2713 1179 2811 du,
1212 2724 1591 2823 tempora
1624 2712 2092 2797 deseendit?
2207 2708 2666 2793 Manifesto
2701 2736 3002 2807 errore,
3037 2737 3192 2821 pro
3227 2710 3816 2797 descenderunt.

1042 2843 1136 2925 P.
1155 2848 1192 2925 1
1210 2848 1337 2925 10.
1362 2842 1468 2925 “J
1472 2840 1765 2925 oannis
1790 2838 2139 2939 Posthii,
2152 2838 2544 2923 archiatri
2569 2835 2957 2938 Palatini,
2983 2836 3386 2922 Latinum
3411 2839 3820 2952 epigram-

1038 2988 1197 3070 ma,
1236 2982 1327 3055 et
1362 2970 1535 3054 duo
1564 2970 1883 3053 Graeca
1908 2967 1963 3050 J
1964 2968 2260 3054 oannis
2287 2966 2764 3079 Lundorpii
2785 2968 3212 3069 Graecam,
3235 2968 3588 3054 editioni
3615 2966 3818 3053 ulti-

1032 3128 1227 3185 mae
1266 3126 1617 3213 operum
1656 3096 2153 3183 Bueban'ani
2188 3094 2585 3210 praefixa,
2617 3096 3088 3197 videantur,
3123 3108 3300 3181 tam
3337 3096 3693 3198 felicem,
3725 3109 3818 3183 et

1038 3243 1216 3313 tam
1244 3225 1679 3321 sublimis
1652 3227 1971 3337 ingenii
1999 3232 2410 3338 poetam?
2477 3222 2863 3309 Delenda
2883 3236 3014 3309 est
3040 3254 3202 3310 vox
3231 3228 3650 3327 Graecam,
3669 3228 3816 3311 de-

1044 3359 1243 3441 inde
1270 3356 1827 3456 scribendum,
1852 3366 2079 3439 “tam
2101 3353 2392 3455 felicia,
2407 3364 2686 3439 ettam
2703 3353 3124 3439 sublimis
3101 3355 3434 3503 ingenii·
3435 3362 3814 3467 poetae;”

1040 3486 1203 3595 nisi
1241 3498 1341 3568 tu
1364 3482 1644 3583 malis,
1682 3494 1729 3535 ‘⁶
1766 3494 1939 3567 tam
1976 3480 2331 3584 felicem,
2367 3496 2458 3566 et
2491 3494 2670 3569 tam
2705 3481 3148 3567 sublimis
3124 3484 3444 3596 ingenii
3481 3498 3814 3596 poetam

1038 3613 1429 3723 [summis
1456 3610 1849 3695 laudibus
1870 3610 2423 3725 efferentia].”
2499 3611 2590 3695 P.
2624 3620 2805 3696 180.
2833 3625 2882 3663 ‘⁶
2903 3611 3086 3698 Nec
3111 3642 3212 3699 ea
3231 3640 3394 3697 vox
3415 3625 3818 3726 usurpata

1042 3742 1361 3829 Sedulii
1398 3770 1601 3827 aevo
1638 3738 2123 3839 cultissimo,
2174 3742 2326 3825 sed
2371 3752 2662 3853 postea
2709 3740 2822 3825 a'd
2855 3740 3494 3853 distinguendos
3531 3744 3814 3829 Scotos

1044 3872 1461 3957 silvestres
1488 3898 1637 3955 seu
1660 3882 2103 3955 montanos
2130 3896 2183 3953 a
2205 3868 2838 3954 mediterraneis
2860 3880 2950 3955 et
2975 3870 3411 3957 inferiores
3435 3872 3814 3983 regiones

1042 4003 1489 4087 habitantes
1516 3999 2055 4108 excogitata.”
2160 3998 2820 4084 Emendavimus
2839 4000 3404 4085 habitantibus.
3505 4000 3598 4083 P.
3628 4010 3816 4085 201.

1045 4143 1089 4184 ‘⁶
1112 4134 1187 4215 S.
1212 4130 1589 4228 DimauS,
1610 4128 1689 4211 S.
1710 4126 2021 4238 Sigenii
2042 4126 2528 4238 discipulus,
2555 4155 2780 4211 unus
2801 4156 2908 4213 ex
2929 4126 3098 4213 illis
3125 4128 3532 4241 episeopis
3551 4130 3814 4213 Scotis

1041 4261 1424 4358 habetur,
1444 4258 1593 4371 qui
1612 4286 1763 4369 per
1780 4268 2061 4342 totum
2090 4284 2444 4367 regnum
2471 4254 2688 4340 nulli
2717 4268 2994 4341 certae
3017 4256 3410 4342 ecclesiae
3435 4250 3818 4370 alligaeztm'

1042 4386 1454 4504 populum
1489 4386 2107 4500 praedicatione
2142 4388 2563 4471 erudivit?
2651 4386 3146 4498 Scripsimus
3179 4388 3500 4499 alligati
3523 4399 3614 4471 et
3637 4414 3819 4472 eru·

1043 4522 1434 4605 divemnt.
1548 4517 1639 4600 P.
1678 4524 1865 4601 228.
1904 4527 1953 4565 ‘⁶
1984 4514 2070 4599 Si
2106 4516 2576 4628 perpendas
2611 4542 2868 4627 quam
2897 4514 3352 4599 ridiculum
3377 4512 3818 4627 argumen-

1046 4664 1234 4735 tum
1286 4646 1513 4733 docti
1566 4646 1955 4744 habeant,
2016 4674 2067 4729 a
2114 4643 2592 4757 scriptionis
2643 4642 2828 4729 loco
2877 4646 3458 4730 necessitatem
3509 4645 3820 4729 inferre

1044 4780 1453 4877 nationis3
1522 4777 1639 4862 sic
1674 4776 1897 4869 enim
1940 4772 2181 4859 fleret
2231 4786 2334 4859 ut
2369 4774 2490 4859 D.
2543 4772 2991 4885 Augustin.
3045 4776 3312 4878 affert,
3365 4770 3818 4861 haberetur
