4384 5817
1287 525 1642 595 GENTIS
1687 523 2247 606 scoTORUM,
2292 523 2477 592 LIB.
2522 522 2655 590 111.
3248 523 3370 588 141

581 721 788 815 cujus
843 717 1064 789 verba
1113 717 1279 790 vide
1327 739 1548 811 supra
1592 720 1672 789 in
1717 715 1980 788 Sancto
2027 709 2447 811 Bomfacio.
2497 711 2857 807 Cratepol.
2899 734 3065 809 pag.
3123 728 3366 782 xL111.

587 844 632 877 ‘⁶
655 832 1138 906 colomannus
1158 842 1438 926 martyr
1461 831 1762 915 Christi,
1793 830 2032 902 fixerat
2061 829 2180 902 hic
2212 851 2303 902 ex
2336 829 2577 904 Scotia
2606 830 2887 902 natus.”
2936 828 3128 923 Ejus
3162 836 3368 900 sunt:

878 948 994 1021 De
1029 947 1278 1020 Exilio
1308 969 1444 1020 suo
2462 946 2589 1017 lib.
2626 964 2679 1017 1.

878 1063 1254 1156 Epistulae
2470 1061 2593 1133 lib.
2632 1079 2685 1133 1.

681 1178 792 1251 De
815 1179 1062 1252 Sancti
1085 1177 1512 1251 Colomanni
1533 1177 1886 1269 martyrio
1907 1174 2225 1250 Joannes
2256 1174 2549 1250 Stabius
2582 1175 3064 1248 Maximiliani
3098 1173 3159 1246 I.
3196 1175 3366 1268 imp.

589 1287 966 1368 historicus
989 1318 1012 1365 ε

1117 1488 1394 1550 Austriae
1419 1496 1658 1546 sanctus
1679 1485 1909 1546 canitur
1931 1495 2229 1565 patronus,

1049 1618 1056 1628 ·
1109 1581 1428 1662 Fulgidum
1455 1580 1618 1642 sidus
1640 1579 1874 1641 radians
1899 1581 1971 1640 ab
1998 1581 2201 1651 Arcto,

1109 1676 1368 1738 scoticae
1393 1677 1590 1756 gentis
1619 1675 2006 1737 Colomaunus
2031 1695 2180 1746 acer,

1497 1771 1682 1850 Resi-
1705 1770 1914 1850 mle*

1105 1865 1218 1926 me
1241 1865 1384 1928 dum
1410 1875 1668 1926 sanam
1696 1865 2058 1946 Solymarum
2083 1863 2159 1924 ad
2183 1863 2389 1926 urbem

1105 1961 1386 2032 Transiit,
1413 1959 1646 2022 dulcem
1670 1960 1920 2041 patriam
1945 1957 2299 2039 relinquens,

1108 2055 1318 2136 Regios
1341 2055 1546 2128 fastus,
1572 2055 1850 2124 trabeam,
1877 2073 2160 2123 eoronam,

1493 2147 1850 2230 Sceptraque
1873 2148 2131 2228 tempsit.

1109 2339 1330 2401 Factus
1353 2341 1420 2400 in
1443 2339 1616 2400 terris
1639 2338 1866 2400 alienus
1889 2337 2066 2408 ultro,

1103 2435 1396 2496 Caelieam
1417 2454 1568 2516 pura
1589 2432 1906 2494 meditatus
1931 2432 2124 2494 aulam

1502 2529 1730 2598 Mente,
1757 2527 2006 2608 fideque.

1103 2621 1384 2704 Dumque
1409 2622 1664 2684 diversos
1689 2622 1931 2704 populos
1955 2632 2237 2703 pererrat,

1107 2717 1418 2781 Rhaetica·
1441 2717 1680 2779 tandem
1706 2717 1947 2778 veniens
1972 2715 2049 2778 ad
2073 2735 2219 2787 oras,
2249 2715 2355 2776 &e-

683 2916 1110 2992 Memoriam
1141 2919 1393 2989 recolit
1421 2937 1568 2987 non
1602 2913 1906 2987 Austris
1947 2918 2183 2999 modo,
2228 2916 2353 2988 sed
2396 2923 2473 2988 et
2512 2923 2671 2989 tota
2714 2911 3101 2992 Germania
3146 2921 3370 3016 Supe-

593 3035 732 3106 rior
761 3035 880 3106 die
910 3049 1098 3105 1111.
1134 3032 1427 3104 Octobr.
1479 3040 1567 3103 ut
1607 3029 1952 3103 Laurent.
2000 3029 2259 3104 Surius
2302 3039 2509 3104 notat
2553 3040 2729 3104 tom.
2764 3052 2842 3105 V.
2886 3045 2964 3106 et
3009 3035 3368 3110 Batonius

593 3151 831 3222 eodem
863 3150 1000 3221 die.
1087 3147 1396 3220 Passum
1428 3148 1590 3219 vult
1622 3167 1814 3218 auno
1847 3163 2073 3217 Mxn.
2105 3145 2156 3216 J
2157 3169 2317 3220 oen.
2352 3145 2775 3240 Guspinian.
2810 3149 2889 3220 in
2923 3147 3247 3234 Austria,
3282 3163 3368 3224 ut

589 3265 742 3338 aliis
773 3267 1008 3358 placet
1041 3279 1546 3340 θοαῖσιν-ιιι.

1511 3492 1588 3565 S.
1640 3491 2146 3567 CLEMENS.
2254 3496 2421 3565 242.

591 3727 657 3798 S.
679 3725 1112 3810 CLRMBNS,
1127 3736 1170 3768 ‘⁶
1181 3723 1575 3819 presbyter,
1595 3725 1886 3796 natione
1906 3721 2233 3808 Scotus,”
2241 3725 2346 3795 ait
2364 3722 2416 3794 J
2416 3747 2679 3796 oannes
2706 3723 3121 3800 Gualterius
3141 3727 3369 3801 Chro-

589 3843 742 3914 nico
773 3841 1292 3914 chronicorum
1325 3842 1404 3911 in
1439 3839 1888 3911 Bibliotheca
1921 3837 2291 3909 Minorum
2328 3837 2629 3911 Patrum
2669 3863 2837 3936 pag.
2873 3858 3361 3914 Dccccxcvl.

589 3966 676 4041 et,
729 3965 817 4028 ut
875 3957 1236 4050 intelligas
1287 3977 1434 4026 non
1478 3955 1780 4026 eundem
1831 3975 1994 4024 cum
2045 3951 2119 4024 S.
2172 3953 2477 4027 Claudio
2524 3954 2891 4028 Clemente
2939 3955 3365 4030 Parisiensis

587 4071 980 4145 academiae
1009 4069 1410 4153 fundatore,
1457 4071 1674 4162 paulo
1704 4079 1868 4160 post
1907 4067 2172 4154 subdit,
2224 4079 2271 4111 ‘⁶
2304 4069 2647 4144 Claudius
2698 4063 3027 4143 Clemens
3074 4073 3363 4146 natione

585 4187 856 4270 sentus,
889 4185 1262 4278 episcopus
1297 4181 1998 4256 Aitissiodorensis.”
2065 4183 2245 4256 Fuit
2275 4186 2395 4257 hic
2426 4208 2617 4258 unus
2648 4208 2741 4257 ex
2772 4187 2863 4257 iis
2895 4188 3363 4260 sanctissimis

591 4303 758 4374 viris
789 4303 1116 4395 quicum
1149 4298 1222 4370 S.
1257 4299 1656 4392 Disybodio
1687 4319 1780 4368 ex
1813 4297 2188 4384 Hibernia,
2226 4301 2303 4371 id
2336 4309 2467 4384 est,
2500 4303 2861 4374 montanis
2893 4300 3172 4375 Scotiae
3204 4327 3365 4395 par-

589 4419 798 4501 tibus,
829 4417 1122 4512 egressi,
1158 4417 1251 4487 ad
1283 4423 1602 4486 montem
1635 4413 1706 4484 S.
1745 4413 1942 4486 Petri
1991 4415 2351 4488 vixerunt.
2450 4415 2629 4492 Vita
2661 4416 2735 4489 S.
2770 4415 3123 4511 Disybodi
3168 4423 3359 4512 apud

589 4531 874 4604 Surium
903 4540 1081 4603 tom.
1119 4549 1231 4602 Π.
1331 4529 1638 4622 Scripsit

869 4645 1240 4730 Quaedam
1273 4645 1680 4738 spiritualia
2453 4647 2576 4720 lib.
2616 4667 2668 4720 1.

656 4761 916 4836 &otia
945 4783 1274 4858 egressus
1305 4783 1496 4834 anno
1527 4777 1869 4834 nch1V.
1955 4761 2166 4835 Diem
2198 4785 2345 4836 non
2376 4765 2631 4856 reperi.
