4384 5817
1153 968 2165 1086 HISTORIAE
2249 969 3784 1086 ECCLESIASTIGAE

1744 1173 2316 1276 GENTIS
2389 1173 3196 1276 SCOTORUM

2192 1413 2566 1498 LIBER
2622 1415 2774 1502 VI.

2004 1678 2077 1750 S.
2131 1678 2518 1753 FAILBE
2529 1681 2670 1754 US.
2775 1687 2947 1755 503.

1074 1869 1147 1940 S.
1184 1867 1633 1952 FAILBEUS,
1667 1866 1887 1940 abbas
1920 1868 1999 1939 in
2034 1865 2298 1952 Trioit,
2345 1869 2659 1943 mirabili
2705 1863 3124 1964 prophetiae
3169 1871 3434 1964 spiritu
3479 1871 3762 1956 claruit,
3801 1882 3867 1942 et

1070 1969 1303 2058 multa
1335 1993 1683 2056 eventura
1716 1984 2173 2068 vaticinatus,
2223 1983 2478 2056 Scotus
2523 2009 2838 2058 memora
2847 1997 2966 2059 tur
3010 2011 3056 2058 a
3089 1985 3164 2059 S.
3199 1983 3634 2059 Adamanno
3667 1986 3869 2059 Sooto

1072 2102 1196 2174 lib.
1235 2120 1287 2173 Ι.
1325 2102 1415 2172 de
1446 2098 1623 2173 Vita
1656 2099 1731 2171 S.
1765 2099 2159 2172 Columbae
2192 2122 2347 2193 cap.
2387 2119 2511 2174 111.
2547 2125 2760 2174 suum
2795 2104 3235 2176 decessorem
3273 2112 3504 2188 vocat,
3552 2112 3624 2176 et
3671 2126 3760 2175 ex
3792 2127 3869 2175 eo

1070 2227 1483 2290 mutuatum
1532 2219 1874 2310 pleraque
1917 2216 2167 2289 eorum
2213 2215 2488 2290 fatetur
2535 2241 2720 2312 quae
2769 2220 2858 2292 de
2909 2229 3158 2292 sancto
3205 2221 3330 2292 illo
3376 2219 3614 2292 tribus
3673 2221 3868 2292 libris

1071 2334 1477 2427 scripserat.
1580 2331 1886 2425 Scripsit

1370 2450 1485 2521 De
1516 2450 1767 2521 futuro
1800 2448 2081 2522 Scotiae
2115 2449 2330 2522 Statu
2959 2451 3086 2525 lib.
3125 2470 3178 2523 1.

1367 2566 1559 2639 Acta
1592 2565 1666 2637 S.
1702 2565 2099 2638 Columbae
2960 2569 3086 2642 lib.
3125 2588 3180 2642 1.

1170 2681 1455 2756 Claruit
1488 2705 1678 2754 anno
1714 2698 1965 2753 Dcxl..
2000 2705 2135 2754 nec
2167 2685 2380 2777 plura
2411 2685 2500 2756 de
2533 2706 2642 2756 eo.
2721 2684 3008 2757 Colitur
3027 2703 3234 2758 xxv,
3268 2683 3318 2754 J
3319 2686 3627 2771 anuarii,
3665 2687 3870 2780 depo-

1076 2801 1259 2872 situs
1298 2817 1421 2872 111.
1456 2798 1505 2870 J
1511 2799 1685 2882 unii,
1722 2816 1834 2868 V1.
1871 2798 2127 2872 Octob.

2026 3031 2103 3104 S.
2154 3031 2642 3106 FAUSTUS.
2745 3037 2916 3106 504.

1070 3267 1145 3340 S.
1181 3266 1582 3351 FAUSTUS,
1633 3268 1759 3360 qui
1796 3267 2081 3340 Latinis
2116 3268 2491 3340 dicebatur
2523 3263 2962 3351 Faustinus,
3006 3266 3275 3340 Baton.
3333 3277 3510 3342 ιοω.
3546 3285 3659 3339 vl.
3719 3267 3869 3342 An-

1072 3385 1371 3468 nalium,
1412 3379 1805 3478 Congellue
1836 3386 2029 3477 apud
2062 3393 2422 3457 nostrates
2457 3395 2589 3456 est.
2643 3383 3014 3455 Notkerus
3063 3381 3418 3456 Balbulus
3465 3384 3550 3457 in
3591 3384 3868 3480 Marty-

1070 3504 1297 3598 rolog.
1336 3508 1389 3543 “
1425 3499 1778 3572 Columba
1810 3524 1973 3572 cum
2008 3502 2361 3594 plurimos
2393 3501 2805 3593 discipulos,
2853 3500 2968 3572 vel
3003 3502 3231 3574 socios
3265 3503 3670 3576 sanctitatis
3701 3523 3869 3574 suae
3938 3519 3946 3524 ·

1072 3640 1418 3712 suppares
1451 3616 1842 3702 habuisset,
1877 3639 2105 3689 unum
2159 3626 2404 3689 tamen
2454 3616 2902 3712 congellum,
2953 3618 3222 3691 scilicet
3275 3617 3534 3690 Fausti
3580 3619 3869 3691 nomine

1070 3736 1450 3819 illustrem,
1504 3745 2034 3828 praeceptorem
2094 3733 2490 3807 beatissimi
2563 3731 3014 3818 Columbani,
3075 3734 3432 3830 magistri,
3483 3735 3741 3828 patris,
3801 3743 3870 3806 et

1070 3851 1345 3924 domini
1402 3851 1633 3922 nostri
1693 3848 1907 3936 Galli,
1966 3853 2324 3924 virtutum
2379 3873 2464 3922 ac
2513 3849 2935 3921 meritorum
2995 3851 3202 3944 quasi
3263 3852 3582 3935 unicum,
3635 3871 3869 3922 exem-

1066 3969 1189 4060 plo
1223 3965 1448 4051 Isaac,
1482 3953 1775 4059 reliquit
1806 3965 2250 4036 haeredem.''
2346 3964 2568 4038 Hunc
2601 3963 2760 4036 MS.
2809 3967 3034 4038 codex
3081 3967 3497 4040 monasterii
3549 3966 3624 4038 S.
3677 3965 3866 4038 Galli

1069 4087 1149 4154 in
1185 4083 1543 4156 Helvetiis
1577 4077 1946 4153 Faustum
1976 4103 2351 4175 perperam
2388 4081 2697 4154 vocavit.
2804 4080 3004 4153 Idem
3049 4082 3169 4154 hic
3214 4082 3289 4154 S.
3334 4082 3726 4154 Columbae
3761 4103 3868 4154 so-

1070 4199 1247 4283 cius,
1300 4198 1373 4270 S.
1410 4197 1837 4270 columbani
1888 4199 2256 4294 magister,
2309 4197 2686 4294 Regiensis
2721 4199 2799 4268 in
2851 4197 3106 4270 Galliis
3155 4198 3300 4270 fuit
3349 4199 3746 4292 episcopua,
3797 4209 3867 4270 et

1071 4314 1475 4388 Lirinensis
1508 4314 1784 4387 abbas
1762 4337 1841 4386 m
1878 4313 2128 4386 Insula
2159 4313 2580 4398 Eremitica,
2609 4315 3068 4386 concionator
3089 4313 3463 4388 facundus.
3553 4314 3674 4385 Ad
3703 4337 3866 4386 eum

1068 4432 1319 4504 scribit
1369 4431 1617 4503 Sidon.
1669 4429 2115 4524 Apollinaris
2173 4432 2299 4504 lib.
2353 4449 2471 4501 lx,
2525 4433 2734 4522 epist.
2791 4450 2914 4504 111.
3025 4431 3352 4505 Gennad.
3413 4431 3504 4502 de
3559 4430 3721 4506 Vir.
3782 4431 3867 4500 il-

1064 4550 1349 4622 lustrib.
1420 4571 1575 4640 cap.
1638 4565 1995 4619 LXXXIV.
2118 4547 2315 4620 Male
2379 4545 2764 4620 Reiensem
2831 4549 3243 4641 episcopum
3309 4571 3444 4642 pro
3513 4543 3870 4643 leeg-*emi

1066 4665 1284 4739 habet
1351 4667 1743 4762 epigraphe
1808 4665 2145 4736 carminis
2205 4683 2382 4736 ΧΠ.
2450 4666 2645 4757 apud
2703 4663 3104 4737 Sidonium.
3227 4664 3486 4738 Multis
3547 4663 3868 4736 Christo-

1064 4781 1337 4874 phorus
1389 4782 1781 4854 Browerus
1832 4783 1923 4854 ad
1973 4779 2420 4852 Venantium
2472 4781 2958 4854 Fortunatum
3005 4781 3131 4853 lib.
3185 4798 3264 4852 V.
3313 4804 3480 4877 pag.
3534 4797 3862 4851 cxxxn.

1063 4896 1499 4994 Anonymus
1578 4908 1833 4971 auctor
1900 4899 1979 4970 in
2050 4895 2229 4970 Vita
2304 4896 2380 4969 S.
2452 4897 2868 4994 Fulgentii:
2953 4906 2998 4940 ‘⁶
3053 4896 3232 4969 Fuit
3299 4907 3454 4969 tum
3523 4895 3864 4988 temporis
