4384 5817
1238 571 1592 642 GENTIS
1640 567 2195 666 scoTORUM,
2242 566 2423 636 LIB.
2468 569 2615 637 111.
3195 571 3324 639 195

1186 875 1826 950 GUILIELMUS
1872 875 2361 949 CUPERUS.
2478 879 2643 946 352.

515 1109 1054 1180 Gmmems
1079 1105 1426 1198 Cuperus,
1452 1107 1532 1175 in
1562 1107 1799 1196 patrio
1823 1128 2146 1178 sermone
2170 1106 2541 1190 facundae,
2567 1107 2857 1201 ingenio
2881 1129 3027 1178 non
3051 1103 3218 1199 inep
3236 1117 3311 1178 to

517 1227 608 1294 ad
639 1225 864 1295 bonas
899 1233 1128 1312 artes,-
1151 1223 1294 1292 nisi
1326 1221 1681 1320 haeretica
1713 1221 1890 1290 illud
1923 1221 2291 1294 functione
2326 1224 2781 1314 corrupisset,
2829 1223 2975 1293 vile
3018 1221 3307 1294 Calvini

520 1340 978 1430 mancipium,
1035 1361 1131 1408 os·
1175 1336 1552 1418 Sathanae,
1613 1344 1685 1404 et
1743 1335 2122 1427 impuritas
2181 1339 2359 1428 ipsa.
2470 1335 2728 1407 Edidit
2784 1338 2992 1406 valde
3059 1339 3310 1419 multa,

521 1477 746 1546 usque
781 1456 958 1526 adeo
989 1464 1076 1525 ut
1107 1453 1388 1523 dicatur
1419 1451 1880 1542 bibliopolam
1912 1449 2449 1523 Londinensem
2484 1471 2701 1542 supra
2746 1453 3039 1524 modum
3082 1455 3313 1544 operi·

531 1570 662 1638 bus
699 1571 849 1641 suis
883 1570 1173 1641 ditasse.
1273 1566 1398 1636 Ad
1431 1587 1546 1636 me
1579 1567 1775 1636 tituli
1811 1578 2316 1658 pervenerunt.

821 1683 1095 1756 Contra
1127 1682 1524 1776 Episcopus
1819 1681 1944 1752 lib.
1983 1700 2036 1752 1.
2072 1681 2163 1754 In
2196 1705 2341 1775 quo
2373 1683 2717 1757 ridiculus
2748 1682 2933 1754 fuit:
2992 1685 3167 1756 dum
3200 1694 3309 1754 to-

915 1801 1053 1870 ties
1109 1820 1282 1869 voce
1356 1799 1548 1867 clara
1612 1797 1771 1866 illos
1837 1798 2296 1891 exagitasset,
2366 1799 2643 1870 veredis
2712 1799 3015 1870 subinde
3080 1807 3314 1869 muta-

917 1916 1012 1986 tis
1077 1917 1158 1984 in
1223 1915 1462 1984 aldam
1528 1911 1942 1982 Londinum
2020 1913 2406 2005 profectus,
2482 1915 2968 2016 episcopatum
3034 1937 3080 1985 a
3144 1937 3311 2010 rege

917 2029 1353 2102 mendicavit
1403 2025 2026 2112 Gallovidiensem,
2075 2039 2150 2100 et
2198 2029 2560 2101 obtinuit:
2620 2038 2826 2099 tanta
2876 2029 2955 2100 in
3009 2052 3093 2102 eo
3146 2052 3314 2101 con·-

1120 2146 1136 2162 '
1224 2145 1236 2189 Ι

823 2155 1352 2334 Οοῗῖἰὲῗαωω
1411 2257 1782 2330 Catholico
1847 2259 2198 2344 Romano,
2267 2263 2512 2333 triduo
2568 2261 2815 2332 habita
2870 2283 3089 2354 super
3153 2285 3317 2334 con-

921 2377 1264 2448 troversis
1298 2373 1506 2444 Fidei
1539 2371 1894 2446 Articulis
2486 2378 2611 2449 lib.
2650 2395 2702 2446 1.
2739 2375 2872 2448 Ille
2904 2377 3316 2450 Catholicus

923 2489 1242 2562 Thomas
1324 2488 1796 2580 Dempsterus
1877 2489 2042 2576 fuit,
2129 2493 2256 2584 qui
2334 2494 2415 2563 in
2490 2492 2568 2563 id
2642 2501 2999 2564 certamen
3066 2493 3318 2566 Pertbi

923 2606 1179 2677 fraude
1227 2605 1527 2677 Clunaei
1579 2604 1979 2679 Crichtonii
2028 2616 2454 2700 pertractuS,
2514 2609 2689 2678 dum
2745 2607 2932 2679 forte
2984 2608 3149 2678 illac
3193 2631 3321 2701 pa-

921 2731 1158 2794 rentes
1224 2721 1594 2792 invisurus
1661 2723 2160 2793 contenderet:
2246 2724 2483 2793 exitus
2565 2722 2728 2805 fuit,
2812 2731 2897 2792 ut
2980 2724 3120 2805 ille,
3196 2746 3325 2795 nec

924 2837 1234 2908 Graecae
1299 2836 1590 2931 linguae
1667 2858 1794 2906 nec
1858 2837 2350 2928 philosophiae
2416 2839 2714 2930 peritus,
2795 2835 3003 2908 facile
3086 2839 3323 2911 riden-

923 2953 1060 3024 dus
1111 2953 1202 3024 ab
1252 2951 1628 3023 haereticis
1676 2950 1852 3041 ipsis
1901 2951 2399 3024 exsibilaretur
2448 2961 2792 3044 tanquam
2846 2974 3102 3024 causae
3152 2977 3323 3027 suae

925 3069 1474 3158 praevaricator,
1542 3075 1614 3138 et
1681 3066 1982 3137 exitium
2050 3091 2096 3136 a
2161 3068 2438 3162 legibus
2514 3069 2720 3162 regni
2804 3078 3093 3153 crearet,
3182 3071 3319 3141 nisi

934 3183 1128 3255 Baro
1185 3183 1646 3274 Oliphantus,
1703 3179 2247 3268 Ennernettius,
2296 3193 2375 3254 et
2424 3181 2701 3254 Stuarti
2752 3181 3113 3268 Atholiae,
3165 3187 3321 3280 ejus

929 3298 1194 3384 affines,
1271 3299 1748 3390 eripuissent3
1822 3298 1946 3367 sed
2019 3308 2268 3389 postea
2348 3299 2621 3390 pudore
2705 3299 3043 3382 suffusus,
3126 3303 3321 3394 quod

931 3437 1098 3486 cum
1167 3415 1706 3509 jurisconsulto,
1789 3434 1935 3483 non
2020 3413 2375 3509 theologo,
2452 3415 2591 3485 sibi
2657 3437 2771 3485 res
2837 3413 3115 3501 fuisset,
3198 3441 3323 3490 no·

930 3551 1096 3600 men
1161 3530 1357 3600 illius
1414 3529 1494 3599 in
1545 3552 1757 3621 opere
1814 3528 2009 3599 edito
2063 3530 2429 3620 publicare
2488 3529 2799 3610 erubuit,
2858 3537 2932 3600 et
2990 3532 3323 3626 malignis

927 3646 1184 3718 deinde
1249 3646 1441 3736 apud
1515 3665 1757 3739 regem
1841 3641 2478 3727 criminationibus,
2562 3653 2647 3715 ut
2728 3645 2987 3735 potuit,
3078 3667 3325 3716 nocere

933 3762 1237 3834 studuit.

643 3879 886 3950 Audio
939 3878 1232 3950 ineunte
1280 3876 1416 3947 hoc
1472 3875 1631 3966 ipso
1688 3896 1876 3946 anno
1930 3892 2259 3945 uncxx.
2318 3875 2515 3944 domi
2568 3876 2969 3957 excessisse,
3030 3875 3328 3966 pseudo-

545 3996 914 4086 episcopus
963 3991 1406 4063 Gallovidiae
1455 3998 1757 4072 creatus,
1808 4013 1972 4062 cum
2017 3992 2143 4060 diu
2187 4001 2437 4062 contra
2488 3991 2978 4081 episcoporum
3038 4013 3323 4062 causam

546 4131 620 4178 se
652 4107 1106 4180 exercuisset.

1317 4334 1626 4406 ALEX.
1679 4333 2178 4408 COCHRAN
2180 4337 2271 4410 E.
2378 4341 2549 4408 353.

551 4567 1101 4638 ALEXANDER
1195 4567 1582 4650 Cochrane,
1679 4568 1925 4636 doctor
2015 4567 2413 4661 theologus,
2505 4567 2815 4659 episcopi
2894 4567 3331 4673 Brechinem

549 4685 644 4754 sis
766 4684 1077 4754 vicarius
1207 4683 1302 4754 ad
1426 4683 1802 4753 concilium
1926 4679 2471 4754 constantiense
2591 4681 2973 4774 profectuS,
3096 4683 3331 4754 nomi-
