4384 5817
1337 535 1692 608 GENTIS
1741 535 2301 617 SCOTORUM,
2348 535 2529 604 LIB.
2578 533 2699 603 IV.
3276 534 3407 602 227

607 731 1078 822 complurima
1109 728 1324 816 edita,
1361 729 1488 802 sed
1521 729 1704 800 nihil
1737 729 1828 800 ad
1861 751 2118 802 manus
2151 751 2347 800 meas
2380 726 2755 820 pervenit:
2806 732 3057 798 extant
3090 732 3333 796 tamen

915 845 1264 916 Poemata
1295 845 1826 940 elegantissima
2592 841 2718 911 lib.
2758 859 2809 910 1.

905 961 1290 1032 Orationes
1322 959 1874 1032 facundissimae
2309 1003 2318 1012 -
2588 956 2716 1028 lib.
2755 976 2806 1028 1.
2842 972 2928 1028 ut
2960 957 3188 1028 aiunt.

908 1074 1146 1146 Notae
1177 1077 1272 1146 ad
1301 1075 1606 1146 Florum
1637 1072 2142 1164 Epitomasten
2596 1073 2721 1144 lib.
2760 1090 2811 1142 1.

709 1191 1054 1264 Florebat
1084 1213 1276 1264 anno
1311 1207 1612 1264 Mnxcl.

1472 1418 1946 1494 JOANNES
1993 1419 2291 1494 DUNS.
2394 1425 2565 1496 421.

615 1654 1007 1727 JOANNES
1047 1655 1284 1740 Duns,
1319 1655 1412 1728 ab
1443 1656 1738 1726 ineunte
1771 1663 2008 1727 aetate
2052 1653 2150 1725 D.
2204 1654 2571 1727 Francisci
2619 1653 2971 1727 familiam
3020 1656 3410 1750 ingressus,

609 1781 766 1842 tam
819 1771 1176 1863 stupendo
1231 1771 1378 1843 fuit
1433 1770 1708 1865 ingenii
1769 1770 2120 1853 acumine,
2180 1778 2267 1842 ut
2326 1792 2593 1863 paucos
2650 1791 2860 1862 pares
2914 1771 3253 1842 habuisse
3308 1772 3420 1840 ul-

613 1889 686 1958 la
717 1897 956 1958 aetate
987 1896 1382 1959 censeatur.
1456 1895 1504 1927 ‘⁶
1527 1884 1800 1957 Doctor
1823 1885 2359 1970 subtilissimus,
2388 1893 2462 1957 et
2486 1885 2818 1979 princeps
2851 1885 3418 1981 theologorum.'’

614 1999 934 2094 Philipp.
987 2002 1076 2074 de
1123 2001 1656 2097 Bagnacavallo
1704 2001 1784 2072 in
1823 1998 2124 2092 praefat.
2171 2000 2427 2074 Limae
2472 2000 2850 2078 Veritatis.
2950 2001 2999 2072 J
3002 2003 3103 2074 ul.
3156 2000 3421 2072 Caesar

615 2115 936 2212 Scaliger
990 2117 1506 2188 exercitatione
1575 2117 1655 2188 in
1713 2115 2126 2187 Cal-danum
2181 2135 2575 2189 cccxxw.
2664 2126 2709 2159 ‘⁶
2758 2116 2967 2188 Nihil
3022 2127 3179 2188 erat
3226 2117 3423 2207 quod

613 2253 864 2324 capere
921 2256 1069 2305 non
1123 2232 1480 2324 potuisset
1535 2230 1758 2326 hujus
1815 2231 1958 2301 viri
2003 2231 2379 2327 ingenium
2424 2233 2491 2304 si
2532 2241 2861 2324 tempora
2902 2231 3415 2323 permisissent,

485 2421 496 2432 ,
616 2370 800 2440 quae
825 2357 984 2420 tum
1009 2349 1386 2419 literarum
1411 2353 1836 2418 ornamenta
1858 2347 2343 2442 denegabant3
2380 2370 2575 2421 nunc
2598 2349 2677 2418 in
2703 2347 3124 2420 scholastico
3150 2347 3275 2418 illo
3300 2369 3423 2416 ne-

617 2465 766 2536 scio
795 2465 1170 2536 curiosone
1203 2463 1435 2558 magis
1469 2485 1566 2534 an
1597 2462 1762 2532 utili
1797 2463 2242 2554 disceptandi
2275 2465 2367 2535 de
2398 2464 2615 2536 rebus
2650 2463 2869 2536 sacris
2903 2485 3185 2558 genere,
3238 2462 3424 2533 nihil

617 2601 704 2650 eo
742 2579 1110 2661 subtilius,
1157 2579 1342 2649 nihil
1390 2579 1789 2652 absolutius
1839 2579 2012 2650 est.”
2113 2577 2164 2648 J
2165 2578 2472 2650 oachim.
2507 2579 2884 2653 Vadianus
2912 2587 3301 2651 comment.
3344 2579 3423 2649 in

619 2693 932 2766 Melam:
967 2703 1014 2736 ‘⁶
1041 2693 1478 2788 Theologica
1507 2695 1864 2786 sapientia
1887 2695 2126 2766 clari.''
2194 2694 2311 2766 De
2334 2691 2833 2767 Franciscanis
2866 2692 3143 2766 Anton.
3180 2693 3422 2766 Sabel-

615 2811 732 2882 lic.
767 2807 1097 2882 Ennead.
1129 2826 1246 2879 lx.
1274 2807 1400 2878 lib.
1415 2824 1542 2908 γι.
1579 2809 1658 2878 in
1690 2809 2093 2902 principio:
2141 2818 2186 2854 ‘⁶
2210 2809 2755 2895 Bonaventura,
2788 2807 2841 2880 J
2842 2831 3107 2882 oannes
3142 2808 3421 2894 Scotuffi

615 2925 1044 2997 Franciscus
1081 2923 1482 3007 Maronius,
1531 2923 1963 3010 Richardus,
2009 2925 2086 2998 N
2087 2927 2355 2998 icolaus
2400 2925 2773 3019 Lyrensis,
2818 2934 2892 2998 et
2933 2925 3058 2997 alii
3097 2927 3427 2998 innume·

615 3042 702 3124 ri,
753 3063 924 3112 nam
973 3037 1222 3112 florem
1272 3040 1640 3134 religionis
1689 3041 2183 3136 attingimus.”
2262 3041 2313 3112 J
2314 3065 2475 3114 oan.
2530 3042 2885 3114 Polemar.
2938 3041 3426 3115 Barcinonen-

617 3158 718 3230 sis
749 3155 876 3228 lib.
925 3156 1016 3226 de
1061 3155 1282 3228 civili
1332 3153 1676 3226 Dominio
1727 3155 2168 3229 clericorum
2220 3181 2387 3252 pag.
2440 3175 2746 3228 CCLxx.
2802 3165 2851 3198 ‘⁶
2886 3156 3027 3228 His
3078 3157 3424 3228 addamus

617 3271 1030 3354 Rabanum,
1066 3270 1366 3353 Bedam,
1405 3271 1819 3366 Hugonem,
1872 3270 2323 3344 Richardum
2367 3275 2457 3344 de
2502 3271 2573 3342 S.
2605 3272 2917 3355 Victore,
2968 3270 3423 3354 Anselmum,

617 3387 1000 3459 Nicolaum
1033 3387 1124 3458 de
1169 3385 1392 3479 Lyra,
1439 3385 1510 3458 S.
1553 3385 2036 3471 Bernardum‚
2089 3387 2449 3460 Thomam
2500 3388 2592 3459 de
2639 3386 2959 3481 Aquino,
3012 3387 3421 3471 Albertum,

615 3503 1231 3584 Bonaventuram,
1266 3501 1570 3574 Petrum
1601 3501 1692 3574 de
1726 3501 2180 3587 Tarantasio,
2216 3503 2537 3589 Scotum,
2570 3515 2643 3576 et
2667 3507 2909 3595 plures
2944 3505 3121 3574 alios
3152 3504 3282 3595 qui
3316 3527 3426 3574 ec-

621 3621 908 3692 elesiam
956 3617 1098 3689 Dei
1147 3617 1298 3688 suis
1345 3619 1807 3690 illustrarunt
1847 3619 2199 3710 scriptis.''
2312 3619 2817 3691 Celebritatem
2868 3617 3167 3689 humani
3216 3619 3427 3690 intel-

619 3737 848 3808 lectus
905 3755 1036 3826 per
1093 3755 1261 3804 eum
1327 3733 1718 3826 significari
1785 3735 2042 3806 volunt
2109 3733 2465 3829 Georgius
2530 3733 2853 3805 Venetus
2918 3737 2995 3805 in
3069 3734 3421 3807 Harmon.

619 3849 881 3921 Mund.
918 3859 994 3922 et
1022 3847 1300 3921 Anton.
1339 3848 1761 3920 Ricciardus
1797 3848 2195 3922 Brixianus
2228 3851 2309 3922 in
2350 3849 2761 3943 Symbolica
2806 3847 3159 3924 Historia.
3214 3851 3419 3922 Paul.

617 3963 945 4061 Langius
1058 3964 1442 4060 Cygnaeus
1557 3962 2041 4038 Bosawiensis
2139 3967 2221 4038 in
2321 3965 2681 4038 Chronico
2782 3966 3135 4038 citizensi
3236 3991 3427 4040 anno

623 4089 1056 4152 ucccxxx.
1128 4089 1175 4122 “
1221 4079 1271 4148 J
1273 4101 1540 4150 oannes
1601 4077 1859 4151 Scotus
1917 4081 2192 4154 ordinis
2252 4083 2653 4166 Minorum,
2714 4077 2841 4176 qui
2913 4083 3007 4154 ob
3074 4087 3427 4177 perspica-

619 4197 910 4268 citatem
945 4205 1018 4268 et
1063 4194 1570 4266 claritudinem
1618 4194 1892 4290 ingenii
1943 4197 2060 4266 sui
2104 4196 2443 4270 Doctoris
2479 4197 2781 4270 Subtilis
2826 4220 3089 4270 nomen
3136 4203 3427 4286 meruit,

619 4314 810 4384 inter
854 4321 1171 4404 quatuor
1218 4311 1722 4402 principalium
1759 4322 2116 4384 sectarum
2166 4314 2489 4385 doctores
2541 4315 2779 4386 locum
2810 4323 3061 4386 tenens
3108 4317 3427 4400 tertium,

619 4435 872 4511 sectae,
905 4450 1092 4521 quae
1124 4449 1169 4497 a
1203 4426 1490 4497 nomine
1527 4447 1660 4497 suo
1693 4425 2166 4499 Scotistarum
2220 4431 2645 4521 appellatur,
2693 4431 2845 4501 dux
2877 4438 2951 4501 et
2984 4431 3287 4526 signifer
3318 4435 3429 4504 in·

617 4542 1104 4627 victissimus3
1165 4543 1292 4635 qui
1343 4552 1418 4613 et
1461 4542 1619 4633 ipse
1665 4543 2122 4635 philosophia
2169 4546 2497 4629 seculari,
2548 4543 3029 4639 Peripatetica
3074 4547 3425 4632 videlicet,

620 4668 967 4742 armatus,
1001 4658 1330 4729 omnium
1377 4667 1546 4728 ante
1589 4679 1666 4728 se
1715 4659 2178 4730 scribentium
2231 4659 2827 4755 theologistarum
2878 4663 3245 4755 opiniones
3294 4663 3427 4733 im·

619 4773 1000 4868 pugnavit,
1053 4783 1126 4846 et
1177 4795 1346 4847 suas
1397 4781 1722 4846 statuens
1765 4781 2118 4866 quantum
2167 4777 2425 4861 valuit,
2470 4777 2731 4872 dejecit
2779 4787 2852 4851 et
2900 4776 3175 4860 diruit3
3228 4776 3429 4850 theo-
