4384 5817
1333 479 1687 548 GENTIS
1733 477 2289 558 SCOTORUM,
2338 479 2518 546 LIB.
2565 477 2685 545 IV.
3264 479 3387 542 221

1512 783 2215 856 DORNADILLA.
2318 789 2486 856 403.

613 1019 1208 1100 ΒΟΒΝΔΒῙΒΒΔ,
1245 1015 1603 1086 Marinius
1637 1038 1680 1086 a
1712 1015 2140 1105 quibusdam
2173 1039 2547 1108 perperam
2591 1018 2826 1088 dictus
2870 1039 3003 1109 pro
3050 1014 3391 1096 Mainius,

613 1133 803 1224 quod
829 1131 1130 1203 barbare
1167 1130 1402 1201 Maini
1435 1129 1662 1198 filium
1697 1139 1925 1212 sonat,
1973 1142 2275 1223 quartus
2321 1131 2701 1202 infantiam
2736 1131 2995 1202 Scotici
3032 1131 3257 1223 regni,
3304 1129 3396 1200 ab

609 1269 748 1318 avo
798 1247 1151 1341 Fergusio
1199 1246 1540 1328 inchoati,
1597 1243 1884 1315 fortiter
1935 1247 2487 1319 administravit.
2585 1247 2827 1317 Pictos
2878 1256 2951 1317 et
3002 1245 3393 1317 Britannos

613 1364 1137 1432 tumultuantes
1170 1361 1626 1452 compescuit.
1729 1359 2012 1452 Scripta
2054 1363 2213 1456 ejus
2263 1363 2763 1433 commendant
2811 1360 3139 1432 Andreas
3191 1362 3397 1431 Tira-

610 1478 890 1569 quellus
923 1477 1002 1547 in
1034 1475 1351 1570 Legibus
1386 1475 1951 1546 Connubialibus
1986 1486 2059 1549 et
2095 1501 2307 1570 opere
2340 1481 2427 1548 de
2453 1476 2869 1560 Nobilitate,
2906 1476 3399 1547 Chassanaeus

613 1591 958 1686 Catalogo
991 1590 1278 1661 Gloriae
1313 1591 1598 1673 Mundi,
1645 1601 1718 1662 et
1753 1591 1900 1662 alii.
2001 1591 2287 1665 Extant
2330 1595 2725 1664 etiamnum
2767 1591 2981 1661 hodie
3016 1591 3205 1682 apud
3239 1612 3399 1660 nos-

612 1716 859 1789 trates,
895 1714 981 1776 ut
1015 1705 1338 1776 referunt
1370 1707 1738 1776 annalium
1773 1708 2175 1799 scriptores,
2212 1718 2284 1779 et
2317 1711 2395 1778 in
2428 1709 2661 1800 pretio
2694 1707 3070 1789 habentur,

907 1819 1138 1916 Leges
1170 1820 1602 1891 Venatoriae
2496 1822 2621 1894 lib.
2659 1842 2713 1893 Ι.

710 1935 916 2006 Obiit
961 1958 1150 2006 anno
1189 1936 1397 2028 regni
1441 1937 1555 2004 sui
1601 1955 1908 2008 xxvln.
1958 1947 2124 2010 ante
2169 1938 2542 2010 Christum
2586 1947 2841 2009 natum
2874 1937 3083 2008 annis
3116 1955 3398 2008 ccxix.

614 2049 808 2122 Hinc
839 2059 1040 2143 patet
1073 2052 1357 2122 nullum
1389 2073 1692 2144 regnum
1729 2051 1968 2124 Scotia
2000 2056 2381 2125 vetustius.

1583 2280 1671 2352 Β.
1727 2278 2168 2354 DUDOCO.
2274 2287 2441 2356 404.

615 2508 704 2579 Β.
756 2509 1130 2595 DUDOCO,
1182 2513 1336 2580 sive
1382 2511 1685 2593 Bodeca‚
1731 2511 1925 2602 (vide
1969 2519 2219 2610 supra)
2266 2515 2410 2586 fuit
2456 2533 2631 2586 xlv.
2682 2517 3054 2606 episcopus
3095 2514 3405 2585 Lichfel-

615 2625 879 2695 diensis
914 2636 986 2696 et
1011 2624 1546 2696 Coventriensis
1581 2629 1657 2697 in
1693 2625 1965 2722 Anglia
1999 2651 2188 2698 anno
2217 2644 2531 2696 Mxxxl.
2617 2626 2767 2697 Adi
2800 2626 2925 2697 lib.
2966 2625 3094 2721 [11.
3130 2649 3199 2718 p.
3240 2625 3401 2719 872]

617 2738 848 2812 Extat
881 2743 1166 2835 elegans
1201 2751 1552 2813 tractatus
1589 2743 1838 2833 ipsiuS,
1877 2744 2070 2834 typis
2103 2741 2735 2836 Lugdunensibus,

909 2855 1020 2926 De
1057 2855 1562 2929 Translatione
1599 2856 2096 2950 Reliquiarum
2499 2855 2623 2928 lib.
2663 2875 2715 2926 1.

1323 3085 1778 3157 GAVINUS
1826 3085 2272 3160 DUGLASI
2280 3086 2423 3158 US.
2527 3090 2696 3158 405.

615 3315 994 3388 GAVINUS
1043 3317 1462 3412 DuglasiuS,
1517 3317 1963 3389 nobilissima
2010 3326 2083 3388 et
2131 3319 2324 3408 apud
2374 3317 2621 3390 Scotos
2672 3319 3017 3408 primaria
3066 3320 3406 3388 comitum

613 3430 986 3526 Angusiae
1019 3432 1298 3502 familia
1331 3441 1558 3516 ortus,
1607 3432 1980 3525 episcopus
2025 3431 2580 3524 Dunkeldensis,
2631 3443 2704 3503 et
2753 3443 3024 3524 postea,
3074 3443 3158 3504 ut
3206 3443 3409 3524 puto,

613 3546 1184 3638 archiepiscopus
1234 3543 1712 3628 Glascuensis,
1759 3555 1803 3587 ‘⁶
1829 3547 1944 3617 vir
1985 3549 2077 3617 ad
2121 3569 2386 3641 magna
2429 3557 2665 3631 natue,
2712 3569 2995 3618 summa
3038 3549 3409 3618 nobilitate

611 3670 684 3730 et
718 3661 1049 3744 virtute,''
1085 3663 1188 3732 ait
1222 3660 1624 3753 Polydorus
1659 3659 2012 3754 Virgilius
2047 3663 2170 3732 lib.
2211 3680 2334 3732 111.
2386 3662 2664 3734 Histor.
2713 3664 3002 3759 Anglic.
3056 3687 3220 3758 pag.
3262 3681 3404 3732 Lu.

616 3772 802 3867 EJus
837 3777 1312 3847 eruditionem
1350 3777 1654 3858 extollit,
1707 3777 1870 3846 licet
1915 3778 2338 3860 haereticae,
2390 3777 2877 3850 Buchananus
2926 3781 3050 3850 lib.
3091 3798 3178 3849 11.
3234 3777 3408 3870 Epi-

613 3900 995 3983 grammat.

1217 4118 1506 4178 Praesulis
1531 4118 1774 4178 accubui
1800 4129 2101 4198 postquam
2130 4118 2370 4179 conviva
2398 4119 2635 4189 Gavini,

1293 4212 1407 4271 D'is
1431 4233 1548 4272 non
1573 4212 1808 4272 invideo
1833 4224 2032 4273 nectar
2055 4225 2118 4273 et
2143 4215 2503 4274 ambrosiam.

1219 4306 1538 4385 Splendida
1563 4327 1756 4376 coena,
1784 4307 1992 4387 epulae
2019 4307 2232 4377 lautae,
2260 4309 2573 4369 ambitione
2600 4323 2838 4380 remota,

1296 4401 1531 4460 Tetrica
1559 4401 1832 4480 Cecropio
1857 4402 2005 4462 seria
2030 4403 2215 4462 tincta
2241 4403 2397 4462 sale:

1216 4494 1431 4554 Coetus
1457 4506 1583 4554 erat
1614 4495 1804 4554 Musis
1830 4515 2072 4556 numero
2095 4517 2220 4576 par,
2247 4517 2355 4558 nec
2382 4498 2493 4558 sibi
2520 4498 2713 4579 dispar

1291 4588 1590 4658 Doctrina,
1621 4589 1872 4668 ingenio,
1899 4591 2291 4670 simplicitate,
2320 4591 2451 4652 fide.

1217 4681 1248 4740 1
1251 4703 1354 4762 pse
1382 4682 1524 4742 alios
1551 4703 1724 4764 supra
1751 4683 2001 4744 facundo
2025 4687 2312 4764 prominet
2338 4707 2451 4758 ore,
