4384 5817
1135 513 1264 580 170
1903 513 2377 584 HISTORIA
2422 515 3175 586 ECCLESIASTICA

1859 702 1909 773 J
1909 703 2312 776 ACOBUS
2362 703 2933 778 CURLAEUS.
3034 711 3205 786 294.

1133 819 1498 892 JACOBUS
1532 816 1902 903 Curlaeus,
1946 820 2325 913 presbyter
2366 819 2741 894 Societatis
2782 820 2985 906 Jesu,
3030 833 3235 914 patre
3280 822 3495 898 Scoto
3542 827 3621 898 in
3670 827 3917 924 Belgio

1137 946 1372 1018 natus,
1429 937 1556 1028 qui
1607 939 1902 1030 reginae
1955 936 2236 1008 Mariae
2291 958 2336 1007 a
2378 936 2667 1008 secretis
2726 947 2801 1008 et
2850 939 3171 1030 epistolis
3222 941 3411 1011 fuit:
3461 941 3579 1012 hic
3630 965 3798 1016 vero
3842 947 3915 1016 in

1137 1049 1510 1142 Hispaniis
1545 1053 1672 1123 diu
1703 1051 2066 1144 professus
2099 1053 2651 1145 philosophiam,
2700 1053 3157 1149 theologiam,
3202 1078 3284 1126 ac
3316 1056 3561 1128 literas
3594 1059 3917 1132 humani·

1132 1188 1312 1250 ores,
1351 1167 1468 1235 vir
1499 1166 1780 1238 Scotiae
1813 1177 1886 1238 et
1922 1167 2158 1262 Belgii
2192 1169 2321 1238 lux
2354 1169 2609 1262 ingens
2642 1191 2725 1240 ac
2758 1169 2995 1254 fama;
3034 1170 3151 1240 cui
3176 1169 3395 1255 Scoti‚
3430 1195 3593 1244 cum
3620 1177 3913 1247 multam

1130 1285 1322 1376 grati
1357 1283 1580 1351 animi
1613 1282 2205 1376 significationem
2242 1283 2797 1366 exhibuerimus,
2844 1285 3055 1375 plura
3096 1285 3532 1370 debebimus,
3582 1290 3776 1380 quod
3820 1291 3914 1362 fa·

1131 1399 1434 1468 cultates
1467 1420 1634 1468 suas
1681 1399 2160 1490 amplissimas
2204 1397 2417 1470 fratri
2462 1421 2595 1471 suo
2643 1399 3049 1492 Hippolyto
3090 1401 3485 1494 reliquerit,
3534 1413 3755 1496 atque
3800 1429 3911 1478 eas

1131 1513 1250 1583 ille
1317 1514 1728 1585 societatem
1793 1517 2012 1586 etiam
2067 1515 2459 1610 ingressus,
2526 1525 2775 1588 nostro
2840 1515 3075 1586 Duaci
3140 1517 3439 1614 collegio
3512 1522 3913 1616 assignarit.

1129 1629 1432 1722 Scripsit
1464 1629 1514 1700 J
1515 1632 1798 1714 acubus,
1831 1641 1918 1703 ut
1951 1655 1998 1705 a
2027 1633 2279 1702 multis
2316 1633 2577 1723 accepi,

1225 1743 1772 1819 controversias
1806 1746 2279 1843 Theologicas
2314 1748 2437 1819 lib.
2478 1765 2532 1818 1.
2600 1743 2953 1817 Dramata
2984 1746 3239 1842 lingua
3276 1745 3673 1840 Hispanica
3704 1751 3823 1824 lib.
3857 1770 3905 1823 1.

1325 1885 1510 1954 quae
1543 1884 1676 1934 rex
1705 1864 1860 1956 ipse
1893 1863 2269 1955 Hispanus
2302 1863 2675 1955 spectavit.

1220 1974 1426 2049 Obiit
1459 2000 1647 2049 anno
1685 1996 2006 2050 MDCXV.
2112 1976 2329 2050 Tales
2378 1979 2700 2049 surculos
2740 1977 3003 2072 jejuna
3046 1975 3472 2050 Hirlandiae
3516 1981 3727 2054 arbos
3772 2005 3905 2054 non

1121 2094 1474 2185 producit.

1963 2293 2277 2366 ALEX.
2330 2290 2795 2365 CRAGIUS.
2896 2295 3067 2372 295.

1117 2441 1664 2515 Anaximenen
1689 2443 1998 2538 Cragius
2024 2443 2477 2528 Bamfiensis,
2506 2443 2847 2516 mediocri
2881 2446 3037 2516 loco
3072 2449 3311 2524 natus,
3345 2441 3471 2513 sed
3502 2443 3697 2514 claro
3720 2443 3907 2540 inge·

1117 2558 1262 2641 nio,
1301 2557 1572 2630 Gallias
1605 2560 1812 2641 vidit,
1845 2567 1931 2630 ut
1963 2559 2201 2641 audio,
2236 2569 2305 2632 et
2339 2558 2709 2654 Angliam,
2744 2582 2877 2631 nec
2908 2559 3087 2630 bene
3118 2559 3187 2630 ei
3213 2581 3375 2630 cum
3403 2559 3725 2630 sectariis
3752 2582 3909 2632 con-

1119 2675 1342 2756 venit,
1384 2676 1778 2765 plurimum
1823 2697 1998 2747 vero
2039 2677 2373 2771 religioni
2422 2674 2861 2748 orthodoxae
2911 2675 3155 2758 favet3
3202 2697 3373 2746 nam
3404 2675 3695 2766 scripsit
3742 2671 3909 2746 Μο-

1118 2785 1427 2861 nachum
1459 2797 1532 2861 et
1563 2785 2136 2877 Adolescentem,
2167 2789 2321 2863 sive
2352 2787 2659 2863 Bivium
2690 2786 2803 2861 H
2794 2786 3080 2876 arculis,
3118 2791 3243 2864 lib.
3273 2809 3327 2864 1.
3362 2799 3789 2886 argumento
3822 2794 3909 2866 ab

1117 2901 1600 3000 Xenophonte
1632 2910 1884 3001 petito.
1984 2909 2197 2982 Vivit
2228 2911 2463 2981 adhuc
2500 2906 2838 2980 Bamfiae.

1905 3105 2280 3180 GEORG.
2334 3105 2837 3182 CONAEUS.
2942 3103 3109 3184 296.

1111 3255 1540 3328 GEORGIUS
1575 3257 1923 3342 Conaeus,
1938 3261 2389 3352 ‘perantiqua
2419 3266 2494 3330 et
2524 3257 2883 3352 imprimis
2914 3257 3141 3328 nobili
3174 3257 3401 3350 stirpe
3442 3269 3683 3344 natus,
3726 3281 3905 3354 quae

1108 3396 1240 3467 per
1271 3376 1508 3446 varias
1541 3373 2091 3469 frequentesque
2137 3375 2519 3448 affinitates
2564 3373 2967 3446 illustribus
3012 3371 3571 3461 Gordoniorum,
3622 3373 3905 3448 Leslae-

1108 3512 1340 3573 orum,
1373 3489 1851 3572 Setoniorum,
1885 3489 2436 3583 Cheynaeorum
2468 3490 2764 3562 familiis
2788 3491 3069 3585 juncta,
3114 3490 3405 3560 tandem
3438 3490 3640 3562 dedit
3674 3489 3905 3562 Patri-

1107 3607 1298 3677 cium
1348 3606 1626 3699 Achryi
1675 3608 1892 3701 longo
1941 3607 2314 3701 sanguinis
2349 3608 2518 3701 jure
2558 3607 2959 3689 dominum,
3009 3606 3249 3678 virum
3290 3605 3703 3678 Catholicae
3744 3607 3907 3678 r'eli·

1104 3721 1340 3816 gionis
1406 3721 1865 3812 professione,
1935 3730 2010 3793 et
2075 3721 2503 3794 fortitudine
2558 3722 3086 3806 clarissimum3
3138 3721 3347 3817 cujus
3414 3721 3776 3794 industria
3835 3733 3905 3794 et

1104 3838 1340 3908 virtus
1375 3839 1452 3907 in
1488 3837 1800 3907 mirabili
1838 3839 1962 3908 illa
2003 3847 2487 3908 trecentorum
2530 3839 2855 3931 equitum
2906 3835 3441 3910 catholicorum
3470 3844 3743 3908 'contra
3790 3839 3909 3908 de-

1105 3973 1256 4022 cem
1291 3953 1517 4022 millia
1551 3953 2068 4024 haereticorum
2103 3954 2432 4044 peditum
2465 3953 3059 4024 Bellerenessensi
3094 3953 3417 4035 victoria,
3469 3953 3579 4023 bis
3626 3953 3785 4044 ipso
3830 3955 3905 4024 in

1105 4064 1438 4137 conflictu
1472 4077 1752 4138 mutato
1786 4090 1992 4161 equo,
2026 4089 2373 4162 magnum
2398 4069 2491 4139 ad
2514 4067 2829 4139 hostium
2866 4067 3421 4139 internecionem
3456 4075 3903 4138 momentum

1104 4183 1375 4255 attulit.
1499 4183 1856 4279 Georgius
1894 4182 2110 4267 filius,
2155 4185 2575 4276 parentibus
2616 4183 2711 4256 ob
2760 4183 3143 4254 emicantes
3198 4182 3417 4252 etiam
3466 4183 3548 4252 in
3595 4181 3905 4254 infantia

1102 4299 1194 4369 ad
1237 4298 1584 4370 virtutem
1625 4319 1912 4368 omnem
1955 4312 2030 4372 et
2073 4301 2509 4392 probitatem
2552 4301 2899 4372 scintillas
2940 4321 3115 4392 prae
3160 4306 3441 4369 caetera
3468 4298 3669 4390 prole
3704 4319 3901 4370 amap

1103 4427 1247 4499 tus,
1305 4437 1488 4507 pene
1546 4437 1726 4506 puer
1783 4415 1876 4486 ad
1933 4415 2361 4506 capiendum
2418 4417 2693 4510 ingenii
2758 4417 3035 4486 cultum
3102 4415 3196 4486 ad
3262 4421 3545 4484 exteros
3612 4412 3901 4494 missus,

1097 4533 1177 4602 in
1250 4531 1506 4627 Belgio
1573 4529 1832 4613 Duaci,
1909 4531 2034 4602 ubi
2107 4532 2409 4602 decurso
2475 4531 2969 4622 philosophiae
3038 4529 3273 4600 stadio
3338 4528 3703 4623 egregiam
3766 4528 3906 4598 ele-

1095 4646 1338 4741 gantis
1425 4647 1699 4742 ingenii
1785 4668 1878 4718 ex
1963 4647 2254 4738 publica
2334 4647 2859 4718 concertatione
2940 4645 3227 4718 laudem
3308 4645 3731 4737 reportavit,
3818 4645 3898 4713 in

1098 4763 1354 4836 Galliis
1403 4763 1763 4846 Lutetiae,
1813 4764 1892 4834 in
1947 4761 2164 4834 Italia
2213 4762 2487 4834 Romae
2540 4771 2613 4832 et
2664 4761 3057 4846 Bononiae,
3120 4762 3315 4832 omni
3368 4759 3683 4832 liberalis
3736 4760 3900 4830 doc-

1098 4881 1330 4951 trinae
1376 4903 1636 4976 genere
1681 4881 2004 4954 animum
2053 4880 2243 4950 serio
2290 4877 2599 4972 subegit.
2698 4874 3039 4969 Dumque
3072 4873 3447 4947 Bononiae
3490 4882 3701 4958 esset,
3744 4874 3903 4944 ille-

1097 5009 1254 5068 ctus
1325 4999 1684 5069 constanti
1753 5018 1974 5087 supra
2055 4993 2521 5066 adolescentis
2606 5002 2915 5064 aetatem
2998 4992 3359 5087 gravitate
3442 4989 3901 5062 Miz-andalae
