4384 5817
1354 513 1709 582 GENTIS
1756 509 2316 596 SCOTORUM,
2360 513 2542 582 LIB.
2581 513 2741 582 VII.
3319 516 3455 580 315

668 709 745 778 in
778 727 863 778 ea
895 705 1407 778 testimoniales
1442 703 1743 778 Gerardi
1779 705 2045 788 literaS,
2096 701 2488 797 pontificali
2537 707 2768 799 ipsius
2815 705 3054 800 sigillo
3087 707 3450 777 munitas:

668 823 1008 915 reliquiae
1040 823 1579 914 conspiciuntur
1611 822 1689 892 in
1722 843 1931 892 muro
1963 842 2093 912 per
2122 819 2392 892 ferreos
2443 821 2855 894 cancellos.'’
2905 819 3238 893 Historia
3287 821 3450 894 Sco-

670 941 811 1012 tica
836 938 995 1008 MS.
1022 939 1213 1030 apud
1240 936 1646 1008 Gilbertum
1682 935 2015 1006 Brunum
2046 957 2216 1032 pag.
2252 953 2476 1007 xcvl.
2513 938 2674 1008 vult
2707 937 2938 1022 illum,
2973 946 3019 978 ‘⁶
3052 940 3462 1034 relegatum.

666 1079 711 1127 a
758 1075 927 1149 rege
972 1063 1179 1146 patre
1228 1061 1523 1146 propter
1569 1052 1732 1122 fidei
1769 1051 2178 1124 Catholicae
2229 1053 2764 1146 professionem,
2815 1054 2894 1124 in
2940 1053 3290 1126 Flandria
3319 1055 3454 1124 mi·

666 1192 913 1267 grasse
949 1170 1040 1239 ad
1070 1169 1443 1240 dominum
1474 1170 1538 1252 ;”
1588 1170 1781 1261 quod
1830 1167 2165 1238 credibile
2215 1189 2362 1240 non
2409 1177 2541 1253 est,
2594 1169 2787 1262 quod
2838 1191 3014 1241 aevo
3047 1171 3172 1240 ino
3205 1191 3454 1241 omnes

664 1286 943 1360 Scotiae
974 1307 1179 1380 reges
1214 1284 1572 1356 ferventes
1608 1305 1817 1356 verae
1849 1284 2139 1376 pietatis
2172 1285 2482 1356 cultores
2531 1293 2812 1356 essent:
2859 1284 3105 1376 potius
3150 1285 3452 1358 inducor

664 1413 749 1474 ut
781 1402 1066 1473 credam
1098 1425 1144 1472 a
1175 1399 1505 1472 Donaldo
1540 1398 1683 1471 ΙΙΙ.
1718 1407 2030 1492 tyranno
2064 1398 2158 1469 ad
2188 1407 2496 1470 mortem
2529 1399 2864 1493 petitum,
2917 1402 3149 1471 solum
3199 1401 3454 1472 vertis-

664 1541 761 1602 se,
798 1519 917 1589 hic
950 1519 1140 1588 enim
1176 1517 1395 1612 hujus
1430 1514 1855 1587 successioni
1888 1514 2140 1586 hostis.
2241 1511 2450 1587 Nihil
2485 1535 2784 1607 operum
2814 1523 3036 1600 extat,
3072 1537 3204 1587 nec
3245 1517 3454 1609 quip-

662 1636 855 1728 piam
890 1633 1257 1725 scripsisse
1290 1641 1757 1724 compertum.

674 1781 685 1790 ·
758 1749 997 1820 Natus
1030 1769 1220 1819 anno
1252 1763 1657 1818 ccxnvm.
1693 1746 2059 1839 depositus
2090 1763 2428 1820 ccxcrx.
2463 1747 2616 1818 dies
2649 1747 3011 1831 incertum
3060 1750 3454 1822 translatus

666 1883 791 1936 111.
826 1863 1055 1948 Julii3
1108 1863 1443 1935 visitatae
1478 1864 1820 1957 reliquiae
1854 1881 1909 1933 1.
1944 1862 2304 1948 Octobris,
2337 1875 2425 1936 ut
2455 1883 2682 1956 supra
2709 1884 2804 1935 ex
2833 1862 3012 1938 actis
3045 1864 3452 1956 probatum.

1652 2095 1727 2168 S.
1781 2093 2191 2168 GHILLO.
2293 2099 2463 2167 585.

658 2331 732 2404 S.
769 2332 1126 2416 GHILLO,
1158 2329 1475 2402 famulus
1510 2329 1584 2400 S.
1621 2328 2043 2425 Guthagoni
2076 2329 2446 2423 principiS,
2497 2337 2627 2400 aut
2659 2327 3144 2424 Gnidulphus,
3191 2343 3280 2407 ut
3315 2330 3456 2408 Lo-

659 2449 871 2532 crius,
910 2459 987 2519 et
1018 2447 1359 2540 Meyerus
1398 2445 1525 2516 lib.
1563 2463 1641 2516 V.
1678 2443 1943 2516 Annal.
1996 2453 2073 2517 et
2120 2445 2276 2538 ipse
2325 2445 2603 2529 Scotus,
2653 2467 2820 2517 cum
2872 2446 3166 2519 domino
3213 2448 3456 2522 Scotia

658 2585 1007 2659 egressus,
1042 2583 1205 2634 cum
1240 2563 1486 2632 eodem
1521 2583 1764 2632 amore
1798 2560 2073 2632 Christi
2104 2563 2554 2658 peregrinae,
2601 2583 2772 2634 cum
2820 2563 3068 2635 eodem
3113 2563 3194 2634 in
3241 2563 3455 2637 Oest-

658 2681 875 2752 kirka
912 2679 1305 2772 depositus,
1363 2687 1409 2720 “
1456 2686 1532 2750 et
1584 2679 1709 2771 qui
1761 2677 1990 2748 eidem
2043 2687 2292 2749 sancto
2342 2678 2576 2750 adhuc
2625 2678 2970 2762 viventi,”
3019 2679 3240 2752 verba
3287 2689 3458 2753 sunt

661 2795 937 2868 Molani
988 2797 1141 2867 loco
1191 2795 1504 2878 laudato,
1564 2803 1610 2835 “
1666 2793 2089 2865 familiarius
2147 2795 2591 2880 adhaeserat,
2641 2793 2736 2865 ab
2785 2817 2872 2866 eo
2911 2795 3071 2890 jam
3119 2795 3458 2870 defuncto

658 2913 867 2984 avelli
901 2934 1047 2983 non
1079 2910 1341 3003 potuit,
1374 2910 1501 3002 qui
1538 2910 1753 2980 etiam
1792 2911 2111 2980 creditur
2140 2920 2306 3002 post
2337 2920 2644 2982 mortem
2679 2910 3046 2984 miraculis
3071 2913 3454 3002 clamisse3

656 3049 823 3100 nam
860 3037 1179 3118 tempore
1228 3022 1586 3119 Gregorii,
1634 3023 1864 3095 curati
1918 3024 2150 3097 dictae
2201 3027 2554 3110 ecclesiae,
2607 3027 2735 3120 qui
2786 3035 3036 3119 postea
3083 3027 3162 3098 in
3211 3031 3461 3103 ordine

656 3141 1225 3235 praedicatorum
1286 3151 1527 3212 sancte
1578 3139 1787 3224 vixit,
1842 3162 2139 3211 manum
2196 3142 2473 3212 aridam
2524 3143 2806 3212 cuidam
2857 3142 3014 3236 ejus
3063 3145 3463 3217 misericor-

654 3260 849 3329 diam
883 3255 1297 3349 imploranti
1334 3257 1705 3327 restituit=
1752 3256 1945 3327 unde
1981 3256 2216 3328 dictus
2253 3256 2646 3352 Gregorius
2681 3255 3063 3330 metricum
3095 3262 3404 3355 scripsit,

1260 3366 1573 3427 Contracto
1599 3365 1803 3426 Ghillo
1826 3367 1939 3426 scit
1964 3386 2131 3446 opem
2158 3369 2420 3430 conferre
2443 3365 2684 3448 pugillo.

526 3549 529 3553 .
654 3483 761 3557 Et
792 3485 1021 3576 ipsius
1054 3501 1311 3574 corpus
1345 3483 1423 3552 in
1456 3491 1651 3552 terra
1690 3482 2023 3554 mansit.’'
2128 3483 2297 3555 Huc
2344 3503 2575 3577 usque
2625 3485 2768 3556 ille.
2867 3484 3116 3560 Simile
3165 3491 3458 3564 omnino

656 3599 961 3696 contigit
1022 3599 1101 3670 in
1148 3598 1617 3669 translatione
1676 3598 2133 3694 Margaretae
2181 3601 2495 3696 reginae,
2554 3611 2640 3673 ut
2700 3599 2872 3672 alibi
2933 3602 3229 3690 dictum,
3288 3629 3456 3678 nam

656 3717 731 3792 S.
769 3716 1199 3788 Malcolmus
1234 3714 1541 3784 maritus
1578 3714 1671 3784 ab
1704 3737 1787 3786 eo
1822 3717 2035 3786 avelli
2068 3739 2218 3786 non
2251 3717 2516 3808 potuit.

754 3831 1144 3924 Depositus
1204 3853 1393 3902 anno
1446 3847 1778 3900 ccxcnz.
1832 3833 2091 3902 colitur
2141 3832 2465 3903 visitatio
2518 3834 2635 3903 die
2689 3855 2850 3905 cum
2902 3836 3044 3907 alio
3095 3841 3456 3911 communi

662 3967 711 4021 1.
748 3947 1001 4020 Octob.
1102 3945 1224 4017 Ex
1259 3946 1374 4016 his
1408 3956 1739 4036 apertum
1773 3969 1953 4030 reor,
1990 3969 2135 4018 non
2168 3947 2322 4018 sine
2355 3947 2710 4019 maximae
2759 3951 3241 4044 improbitatis
3287 3964 3462 4027 nota

654 4064 1001 4157 quosdam
1073 4061 1517 4132 mendicitati
1589 4063 1894 4144 innatos„
1979 4063 2108 4132 hos
2178 4064 2361 4134 duos
2429 4061 2676 4136 Scotos
2743 4076 3024 4138 sanctos
3103 4090 3276 4142 suae
3349 4094 3464 4144 as-

654 4180 923 4252 cribere
984 4178 1283 4272 patriae,
1347 4199 1509 4247 cum
1572 4179 1809 4249 nullus
1870 4178 1947 4248 in
2008 4177 2395 4250 Hirlandia
2448 4177 2859 4250 Catholicus
2919 4193 3048 4255 aut
3111 4181 3462 4260 Christia-

657 4319 819 4380 nus,
850 4295 1081 4366 bonus
1115 4305 1246 4365 aut
1278 4296 1533 4378 malus,
1585 4293 1983 4364 haereticus
2035 4303 2163 4364 aut
2213 4293 2733 4378 schismaticuS,
2785 4317 2940 4368 mas
2992 4312 3123 4371 aut
3170 4300 3459 4387 femina,

658 4435 840 4506 puer
872 4419 1001 4482 aut
1032 4431 1273 4494 senex,
1306 4409 1433 4501 qui
1472 4431 1715 4480 veram
1766 4409 2105 4500 pietatem
2152 4407 2662 4502 profiteretur3
2717 4412 3026 4506 denique
3075 4439 3238 4486 cum
3283 4427 3459 4490 tunc

653 4528 941 4622 quidem
1010 4549 1103 4598 ne
1168 4547 1430 4597 nomen
1489 4523 1759 4596 Christi
1828 4547 1911 4593 ea
1975 4525 2054 4595 in
2120 4527 2358 4596 insula
2414 4527 2769 4608 auditum,
2830 4528 2978 4601 imo
3034 4553 3127 4601 ne
3185 4535 3452 4606 multos

655 4653 815 4739 post
874 4642 1136 4714 horum
1196 4649 1601 4734 martyrum
1655 4639 2171 4730 depositionem
2233 4664 2458 4715 annos
2515 4645 2666 4715 ulla
2722 4645 3009 4735 penitus
3077 4647 3176 4718 sit
3246 4669 3459 4720 evan·

652 4761 821 4858 gelii
876 4758 1195 4831 mentio:
1266 4755 1643 4850 siquidem,
1710 4753 1787 4824 S.
1860 4753 2220 4828 Patricius
2279 4755 2535 4830 Scotus
2595 4781 2762 4832 cum
2831 4757 3292 4836 Hirlandiam
3349 4764 3458 4838 in-
