4384 5817
1243 517 1598 588 GENTIS
1645 512 2203 594 SCOTORUM,
2253 509 2435 579 LIB.
2480 511 2613 580 111.
3194 507 3321 572 165

1059 706 1206 767 lude
1231 706 1624 766 Columbauus
1649 703 1818 764 Bobii
1841 701 2182 762 fundamina
2198 699 2366 778 jecit,

1138 802 1313 862 Casta
1338 799 1658 861 Fluentina
1683 796 1920 876 Brigida
1944 796 2009 856 in
2032 796 2176 856 urbe
2202 803 2389 864 sonat,

1063 895 1344 958 Faesulae
1369 896 1443 957 ab
1471 894 1711 954 Andrea
1735 903 1796 954 et
1825 891 2058 952 Donato
2081 889 2307 950 lumina
2333 888 2577 960 ducunt,

1135 989 1348 1050 Sancte
1377 989 1730 1049 Faventinus
1755 985 2084 1046 Aemiliane
2109 985 2267 1055 beas,

1061 1085 1144 1145 Et
1173 1085 1506 1145 Gunifortis
1535 1083 1808 1143 Ticinum
1835 1100 2067 1161 corpore
2091 1080 2329 1159 gaudet,

1142 1178 1314 1238 Clara
1339 1178 1544 1239 domus
1572 1177 1731 1236 Plini
1755 1188 1837 1246 te,
1867 1174 2223 1244 Guuibalde,
2252 1174 2427 1234 canit·

1059 1274 1412 1354 Dempstero
1437 1273 1654 1334 Veneti
1679 1280 2010 1350 assurgunt,
2035 1280 2098 1330 et
2123 1268 2279 1330 bella
2303 1269 2623 1348 loquuntur

1141 1369 1532 1448 Parthenopes
1560 1368 1757 1428 Scotos
1781 1365 1990 1426 martia
2014 1363 2186 1424 eorda
2214 1363 2411 1424 duces.

1063 1465 1261 1524 Lanea
1285 1484 1404 1534 sus,
1431 1463 1673 1524 celebris
1699 1461 1824 1520 dira
1848 1459 1987 1520 olim
2013 1458 2178 1518 clade
2209 1458 2505 1526 Ravenna,

1139 1557 1404 1618 Laudem
1429 1558 1636 1617 horum
1663 1555 1884 1615 Tarrus
1911 1553 2391 1632 sanguinolentus
2417 1551 2609 1612 habet.

1063 1653 1191 1714 Hos
1216 1663 1443 1714 sanctos
1467 1653 1760 1731 fortesque
1786 1648 1962 1711 simul
1986 1647 2124 1708 colit
2150 1647 2409 1707 Ausonis
2432 1665 2545 1706 ora.

1346 1829 1421 1901 S.
1475 1824 2244 1900 CHRISTIANCIA.
2349 1828 2448 1901 27
2449 1828 2520 1902 9.

536 1983 608 2053 S.
644 1981 1284 2060 CHRISTIANCIA,
1318 1974 1847 2048 Ursulanarum
1880 1973 2249 2069 virgiuum
2282 1995 2452 2055 una,
2501 1971 2831 2042 mirando
2864 1969 3077 2040 modo
3122 1969 3329 2042 Colo-

540 2099 662 2168 nia
719 2097 799 2166 in
849 2093 1366 2166 monasterium
1416 2088 1888 2162 cisterciense
1939 2067 2312 2172 translata,
2366 2097 2453 2158 ut
2510 2087 2889 2158 Caesarius
2940 2087 3330 2159 monachus

541 2213 828 2304 scripsit
860 2210 984 2282 lib.
1024 2225 1176 2280 nx.
1211 2230 1364 2300 cap.
1403 2223 1659 2278 nov·
1753 2204 1830 2275 N
1829 2227 1908 2276 ec
1939 2207 2152 2296 plura
2181 2206 2271 2275 de
2303 2205 2439 2276 hac
2470 2205 2643 2275 diva
2674 2201 2907 2275 Scuta.

641 2327 864 2399 Passa
895 2326 1330 2419 marty-rium
1363 2347 1554 2395 auno
1587 2338 1866 2395 cDle.

1427 2521 1502 2593 S.
1554 2516 2152 2593 CLEOMATA.
2256 2523 2427 2590 280.

535 2670 608 2740 S.
645 2668 1142 2753 CLEOMATA,
1176 2678 1250 2740 et
1282 2670 1440 2759 ipsa
1471 2666 1782 2738 Ursulae
1815 2667 2162 2739 comitum
2185 2691 2353 2752 una,
2380 2689 2545 2738 cum
2568 2667 2697 2738 diu
2722 2665 3117 2736 nesciretur
3137 2666 3333 2736 locus

537 2805 708 2854 suae
757 2785 1190 2875 sepulturae,
1249 2785 1410 2874 ipsa
1458 2780 1772 2851 evidenti
1823 2782 2258 2852 revelatione
2310 2783 2681 2864 indicavit,
2737 2792 2811 2851 et
2866 2790 2953 2852 ut
3005 2780 3337 2853 decenter

535 2897 1052 2969 transferretur
1075 2919 1241 2968 cum
1267 2896 1546 2970 duabus
1579 2892 1812 2976 sociis,
1847 2893 2120 2966 effecit:
2159 2896 2451 2968 demum
2474 2917 2639 2966 cum
2672 2897 2751 2967 in
2784 2918 2869 2967 eo
2902 2897 3337 2968 monasterio

538 3011 1124 3082 cisterciensium
1155 3013 1605 3107 negligenter
1637 3023 2176 3081 asservarentur
2210 3033 2415 3082 sacra
2446 3033 2693 3082 earum
2740 3012 3066 3105 pignora,
3111 3012 3335 3083 redie-

539 3135 716 3198 runt
749 3124 1150 3208 Coloniam,
1181 3136 1268 3199 ut
1301 3148 1468 3198 cum
1500 3125 1864 3194 miraculis
1897 3126 2150 3195 retulit
2183 3124 2563 3197 Caesarius
2598 3127 2753 3196 loco
2785 3126 3101 3197 laudato.

634 3241 863 3312 Caesa
893 3249 1004 3312 est
1037 3263 1228 3313 anno
1261 3243 1554 3322 eodem3
1611 3239 1736 3309 sed
1769 3239 1961 3309 diem
1995 3241 2489 3312 translationis
2524 3242 2881 3312 incertum
2911 3263 3097 3324 reor,
3123 3242 3235 3314 uti
3260 3253 3333 3314 et

539 3357 1050 3447 praecedentis.

1381 3551 1456 3623 S.
1511 3551 1864 3624 COLUM
1870 3549 2088 3622 BAN
2089 3550 2235 3624 US.
2342 3556 2509 3624 281.

544 3701 617 3772 S.
646 3701 1120 3774 COLUMBAN
1131 3720 1248 3785 us,
1282 3701 1500 3773 abbas
1527 3700 2057 3782 Benedictinus,
2093 3702 2277 3772 alius
2309 3703 2401 3774 ab
2434 3704 2525 3775 iis
2559 3726 2739 3795 quos
2774 3724 2995 3794 supra
3026 3704 3334 3797 descrip-

538 3819 624 3900 si,
659 3840 828 3888 nam
863 3819 941 3888 in
987 3817 1228 3888 Scotia
1273 3838 1552 3907 semper
1596 3819 1802 3900 vixit,
1849 3826 1922 3887 et
1966 3839 2012 3886 a
2049 3817 2429 3890 severitate
2474 3819 2743 3890 silentii
2795 3829 2867 3890 et
2916 3819 3333 3912 disciplinae

541 3940 835 4005 vocatus
868 3929 1248 4004 Reclusus.
1351 3931 1653 4022 Scripsit

835 4045 1006 4116 Pias
1039 4046 1469 4129 Sententias,
1511 4067 1744 4128 versu,
2470 4049 2598 4121 lib.
2636 4067 2686 4120 Ι.

639 4159 902 4231 Annus
939 4161 1276 4232 incertus.
1313 4159 1596 4231 Colitur
1627 4161 1744 4230 die
1777 4177 1963 4231 x111.
1999 4161 2397 4234 Februarii.
2432 4160 2568 4234 ‘Jo.
2604 4162 2941 4236 Molanus
2974 4166 3051 4235 in
3085 4163 3329 4238 Natal.

549 4275 973 4346 Sanctorum
1009 4275 1268 4370 Belgii.
1857 4284 1875 4305 '

1387 4473 1462 4542 S.
1516 4471 2235 4546 COLUMBANUS.
2340 4480 2507 4548 282.

551 4621 624 4691 S.
687 4619 1287 4704 COLUMBANUS,
1349 4621 1702 4714 dignitate
1769 4621 1892 4692 illo
1948 4625 2293 4714 superior,
2362 4647 2492 4696 nec
2557 4635 2969 4697 sanctorum
3037 4599 3331 4719 operum

548 4736 779 4830 gloria
847 4735 1166 4819 inferior,
1236 4737 1720 4829 episcopatum
1790 4740 2012 4831 gessit
2079 4738 2681 4834 Longiniensem3
2752 4743 2876 4812 sed
2940 4743 3065 4813 ubi
3132 4747 3328 4816 locus

544 4851 685 4933 ille,
719 4844 1091 4934 in‘Scotia,
1127 4873 1221 4923 an
1257 4852 1448 4934 alibi,
1483 4862 1832 4942 quaerant
1873 4855 2017 4936 alii,
2054 4876 2220 4925 nam
2269 4877 2403 4950 ego
2450 4877 2594 4926 non
2642 4859 2939 4947 reperio,
2990 4879 3133 4928 non
3184 4880 3334 4929 mo-
