4384 5817
1249 548 1603 621 GENTIS
1646 547 2206 631 sommum,
2249 548 2432 619 LIB.
2475 549 2556 615 V.
3171 550 3300 619 265

1400 854 1477 928 S.
1526 852 2133 929 EOGLODIUS.
2158 910 2169 915 -
2235 860 2402 936 491.

512 1087 587 1160 S.
622 1086 1133 1173 EOGLODIUS,
1168 1084 1243 1160 S.
1282 1084 1672 1160 Columbae
1715 1086 2129 1179 discipulae,
2174 1108 2364 1159 unus
2407 1110 2500 1159 ex
2542 1088 2632 1159 iis
2677 1086 2902 1158 fuisse
2947 1104 3296 1157 memora-

513 1213 663 1291 tur,
698 1204 825 1298 qui
858 1203 1275 1288 Scandalao,
1306 1202 1653 1287 Totaneo,
1688 1200 2057 1287 Notofero,
2090 1211 2165 1275 et
2199 1201 2502 1276 Gallano
2523 1184 2770 1287 sociis,
2817 1200 3168 1274 Columba
3216 1198 3295 1265 in

513 1317 943 1393 Hiberniam
974 1319 1531 1403 transmittente,
1564 1326 1651 1391 ut
1682 1318 1789 1391 ait
1824 1316 1925 1389 H.
1960 1316 2311 1391 Boethius
2343 1320 2467 1391 lib.
2505 1338 2622 1391 lx.
2672 1318 2868 1391 Hist.
2903 1316 3092 1388 Scot.
3127 1334 3294 1407 pag.

510 1452 827 1507 chvn.
890 1444 937 1477 “
968 1435 1206 1507 sedem
1252 1442 1665 1505 statuerunt
1708 1434 1785 1504 in
1830 1432 2010 1505 Iona
2054 1433 2314 1519 insula,
2361 1434 2734 1507 Scotorum
2785 1433 3294 1520 Pictorumque

510 1552 837 1646 regiones
895 1552 1035 1645 piis
1092 1549 1467 1623 lustrando
1524 1550 1929 1634 sudoribus,
1996 1549 2336 1634 docendo,
2403 1551 2835 1632 disserendo,
2903 1543 3294 1624 scribendo,

508 1676 901 1761 utrumque
932 1668 1281 1761 populum
1322 1666 1614 1757 optimis
1664 1664 1983 1737 moribus
2027 1671 2103 1736 et
2145 1666 2492 1760 religione
2533 1664 3012 1737 imbuerunt.’'
3069 1730 3086 1741 ,
3110 1659 3298 1731 Con-

510 1782 734 1855 sentit
762 1782 815 1853 J
814 1806 881 1855 o.
916 1760 1259 1857 Lenaeus
1290 1781 1419 1853 lib.
1454 1798 1567 1853 IV.
1598 1804 1765 1877 pag.
1802 1795 1999 1853 cul.
2100 1779 2226 1853 Ab
2271 1804 2358 1855 eo
2407 1782 2674 1875 scripta
2721 1781 3068 1874 plurimu
3121 1794 3298 1869 pau·

510 1919 755 1971 corum
788 1900 885 1971 ad
912 1920 1031 1971 me
1060 1898 1296 1990 apices
1326 1906 1828 1989 pervenenmt.
3354 1980 3360 1985 ᾗ

806 2012 1199 2087 Colmnboe
1232 2011 1576 2109 Magistri
1604 2012 1783 2086 Vita
2275 2013 2402 2085 lib.
2439 2032 2492 2084 1.
2527 2012 2720 2106 apud
2751 2006 3195 2083 For-dunum.

806 2128 1179 2222 Epistulae
1213 2128 1307 2201 ed
1340 2127 1705 2202 Hibernos
2285 2129 2414 2202 lib.
2452 2148 2504 2200 1.
3205 2166 3232 2209 ι

613 2244 900 2319 Floruit
928 2264 1121 2317 anno
1154 2260 1379 2319 ΜΠ.
2799 2228 2806 2235 ’

1494 2426 2049 2551 ΕΤΗοΒΙυε.
2154 2480 2326 2557 492.

511 2708 949 2783 E'ruomus
996 2708 1059 2781 I.
1120 2730 1271 2793 rex,
1322 2706 1535 2781 Galdi
1594 2708 1931 2801 abnepos,
1992 2707 2298 2803 Mogalli
2347 2732 2440 2781 ex
2497 2730 2740 2782 sorore
2791 2728 3032 2798 nepos,
3096 2720 3296 2775 xxv,

511 2850 557 2897 a
592 2824 963 2921 Pel-gneio,
1000 2826 1249 2897 stetim
1282 2825 1491 2897 initio
1524 2823 1730 2920 regni
1763 2835 1981 2915 rupto
2015 2827 2208 2897 vallo
2241 2822 2590 2920 Angliam
2641 2824 3030 2920 ingressus,
3083 2818 3304 2892 dubio

513 2940 756 3013 Marte
786 2962 951 3012 cum
994 2938 1367 3024 Romanis,
1418 2942 1547 3034 qui
1594 2938 2059 3033 praesidiario
2098 2941 2270 3036 jure
2317 2961 2476 3011 eam
2523 2938 2970 3033 provinciam
3016 2935 3301 3009 obtine-

516 3054 714 3140 bant,
762 3055 1187 3145 dimicavit3
1239 3054 1527 3127 biennio
1576 3044 1749 3126 vero
1797 3066 1963 3147 post
2009 3058 2296 3129 eosdem
2345 3055 2661 3127 Scotiam
2710 3055 3092 3149 ingressoS,
3149 3052 3300 3121 acie

516 3180 885 3264 superatos
919 3171 1115 3267 intra
1139 3172 1411 3242 vallum
1435 3170 1724 3264 repulit.
1789 3169 2131 3264 Princeps
2156 3174 2354 3244 omni
2381 3172 2534 3243 vita
2557 3174 2814 3253 clarus,
2846 3168 2937 3239 ab
2965 3166 3304 3238 Hebridi-
3385 3170 3391 3177 “

515 3306 655 3357 ano
688 3286 981 3361 tibicine
1014 3292 1233 3357 noctu
1256 3286 1641 3381 jugulatus
1672 3282 1971 3359 interiit.
2074 3286 2262 3382 Ejus
2295 3296 2510 3359 sunt:

808 3402 1299 3493 Venationum
1330 3402 1647 3507 statuta,
1680 3402 2143 3475 Domedillae
2174 3403 2522 3487 addenda,
2687 3402 2812 3473 lib.
2851 3420 2903 3473 1.

814 3518 1185 3611 Epistolae
1218 3518 1309 3589 ad
1342 3516 1618 3614 Regem
1653 3519 2021 3591 Pictorum
2685 3518 2809 3590 lib.
2849 3538 2902 3589 1.

614 3634 947 3707 Excessit
978 3656 1169 3705 anno
1198 3634 1407 3729 regni
1438 3634 1554 3707 sui
1590 3651 1797 3705 xxx.
1848 3636 2138 3707 annales
2170 3642 2550 3719 nostrates,
2596 3636 2711 3706 vel
2761 3656 2950 3705 anno
3001 3650 3298 3704 mlv,

516 3750 827 3823 Bulaeus
882 3759 955 3821 et
1007 3750 1155 3834 alii,
1202 3750 1417 3821 salut.
1462 3750 1821 3821 humanae
1862 3766 2141 3821 cxcv1.
2241 3748 2624 3821 Pontifices
2675 3756 2880 3820 erant
2927 3746 3298 3831 Anicetus,

516 3866 747 3950 Soter,
776 3864 1289 3950 Eleutherius3
1331 3864 1819 3957 imperatores,
1840 3863 1947 3937 M.
1975 3863 2322 3939 Aurelius
2350 3864 2767 3939 Antoninus
2795 3864 3298 3959 Philosophum

516 3980 977 4065 Commodus,
1010 3978 1269 4053 Aelius
1301 3978 1670 4054 Pertinax.
1846 4013 1855 4021 ·

1448 4160 1525 4283 s
1577 4210 2087 4285 ERENEUS.
2190 4216 2360 4293 493.

516 4444 591 4515 S.
626 4442 1057 4528 ERENEUS,
1098 4443 1193 4516 D.
1230 4442 1625 4519 Columbae
1668 4447 2009 4537 aequalis,
2056 4445 2457 4519 celebratur
2504 4470 2552 4518 a
2597 4446 2692 4518 D.
2741 4444 3174 4519 Adamanno
3221 4446 3301 4515 in

514 4557 691 4633 Vita
722 4558 816 4630 D.
854 4559 1245 4633 Columbae
1288 4559 1413 4632 lib.
1451 4578 1505 4631 1.
1539 4581 1693 4653 cap.
1731 4579 1855 4633 111.
1890 4560 2005 4633 his
2038 4561 2311 4634 verbis:
2363 4572 2408 4605 “
2445 4562 2592 4635 Hic
2620 4572 2774 4635 erat
2815 4560 3142 4635 Ereneus
3171 4580 3301 4653 per

516 4674 762 4746 omnes
794 4684 1042 4767 postea
1074 4674 1353 4747 Scotiae
1386 4676 1711 4749 ecclesias
1742 4675 2083 4763 famosus,
2120 4686 2196 4749 et
2225 4679 2434 4749 valde
2463 4678 2904 4761 notissimus,
2947 4678 3078 4770 qui
3125 4676 3298 4748 haec

516 4790 759 4865 omnia
792 4791 1011 4864 verbe
1042 4789 1347 4887 Segenio
1384 4788 1629 4864 abbati
1661 4792 1749 4864 de
1782 4815 1857 4864 se
1887 4792 2318 4886 prophetata
2347 4802 2826 4877 enarraverat,
2875 4814 3036 4864 meo
3067 4791 3300 4863 deces-
