4384 5817
1118 561 1251 624 258
1890 554 2363 628 HISTORIA
2409 557 3166 630 ECCLESIASTICA

1120 751 1328 834 nico;
1386 771 1476 820 ex
1518 771 1663 841 quo
1712 759 2011 843 apparet
2062 751 2580 822 monasterium
2625 749 2700 822 S.
2753 749 2946 824 Galli
2996 751 3215 836 Scoti,
3263 760 3351 824 ut
3391 775 3438 824 a
3481 755 3921 827 nostratibus

1120 865 1531 949 fundatum,
1589 867 1697 938 ita
1752 887 2035 958 semper
2078 879 2437 938 nostrates
2485 889 2754 964 magna
2801 867 3218 964 dignatione
3265 868 3627 954 habuisse,
3679 873 3924 962 quales

1120 991 1294 1054 sunt
1325 981 1468 1052 viri
1502 983 1957 1066 sanctissimi,
1992 983 2251 1074 hospes
2286 982 2360 1052 S.
2398 981 2692 1056 Marcus
2737 984 3134 1077 episcopus,
3181 983 3256 1056 S.
3293 983 3681 1057 Marcellus
3727 985 3924 1056 scho-

1119 1097 1383 1180 larcha,
1418 1097 1493 1170 S.
1530 1098 1895 1192 Repertus
1930 1099 2194 1171 nobilis
2228 1100 2500 1182 doctor,
2541 1099 2622 1170 in
2653 1101 2791 1173 hoc
2825 1121 3084 1192 opere:
3139 1112 3216 1175 et
3247 1101 3369 1173 hic
3399 1100 3692 1192 quidem
3728 1099 3925 1172 Eail-

1116 1215 1327 1285 lanus
1384 1215 1899 1286 monachorum
1948 1215 2200 1286 doctor
2251 1215 2588 1300 videtur3
2661 1218 2764 1288 sic
2810 1217 3006 1288 enim
3049 1225 3248 1290 aetas
3291 1218 3420 1290 illa
3467 1216 3912 1309 loquebatur,

1114 1340 1201 1402 ut
1233 1330 1311 1400 in
1350 1329 1939 1408 Muricherodato
1972 1339 2296 1424 apparet.
2399 1329 2706 1426 Scripsit

1414 1445 1750 1538 Hymnus
1784 1469 2023 1518 sacros
3003 1448 3130 1520 lib.
3167 1467 3223 1522 1.

1416 1561 1767 1634 Lecturas
1801 1564 2039 1636 varias
2073 1564 2166 1634 ad
2199 1563 2494 1637 Fratres
3004 1565 3132 1638 lib.
3171 1583 3224 1636 1.

1411 1678 1623 1751 Vitas
1659 1678 2086 1750 Sanctorum
3005 1681 3130 1754 lib.
3171 1699 3222 1752 1.

1212 1795 1419 1866 Obiit
1452 1817 1643 1866 anno
1678 1813 2112 1869 nccccxcl.
2219 1795 2587 1870 Contract.

2029 2027 2105 2100 s,
2157 1970 2710 2104 Evasimus,
2815 2028 2986 2109 476.

1108 2261 1187 2334 S.
1222 2259 1667 2336 EUGENIUS
1700 2263 1981 2347 Scotus,
2016 2263 2250 2336 socius
2284 2262 2358 2335 S.
2396 2261 2764 2336 Mansueti
2799 2263 3016 2348 Scoti,
3045 2273 3118 2336 et
3153 2285 3321 2336 cum
3355 2264 3603 2336 eodem
3637 2264 3904 2337 Romae

1106 2379 1180 2452 S.
1235 2379 1436 2452 Petri
1494 2383 1983 2473 apostolorum
2032 2379 2378 2472 principis
2431 2381 2848 2471 discipulus,
2895 2381 3222 2452 sacerdos
3267 2390 3575 2465 creatus,
3623 2383 3702 2454 in
3747 2380 3907 2454 Gal-

1104 2497 1277 2568 liam
1320 2519 1485 2567 cum
1534 2507 1783 2568 sancta
1832 2497 1959 2567 illa
2002 2496 2293 2568 cohorte
2336 2497 2753 2591 ablegatus3
2807 2497 2932 2567 sed
2983 2519 3148 2570 cum
3197 2498 3320 2570 ille
3373 2495 3576 2568 Tulli
3609 2520 3908 2592 evange-

1102 2613 1283 2682 lium
1317 2612 1839 2696 disseminaret,
1878 2635 2007 2684 nec
2038 2613 2282 2704 plures
2314 2613 2382 2684 ei
2415 2612 2612 2704 operi
2645 2614 3026 2685 necessarii
3059 2613 3504 2697 viderentur,
3531 2613 3904 2709 Eugenius

1102 2728 1353 2800 sitiens
1386 2725 1641 2800 salutis
1676 2731 2079 2800 animarum
2114 2729 2194 2798 in
2230 2725 2624 2819 Hispanias
2657 2728 3044 2822 profectus,
3078 2731 3357 2822 primus
3391 2729 3472 2801 in
3518 2728 3905 2822 Hispanias

1104 2867 1358 2916 verum
1419 2844 1560 2916 Dei
1582 2843 1589 2850 ’
1610 2847 1885 2916 cultum
1936 2843 2326 2936 apostolica
2369 2845 2844 2918 sanctimonia
2887 2847 3160 2927 intulit,
3203 2847 3624 2940 primusque
3669 2846 3906 2919 Toleti

1102 2959 1475 3053 episcopus
1546 2961 1899 3056 sanguine
1966 2982 2097 3032 suo
2164 2961 2544 3032 veritatem
2615 2962 2956 3058 signavit.
3023 3017 3038 3030 .
3085 2961 3161 3032 N
3161 2985 3241 3036 os
3309 2962 3531 3055 primi
3598 2963 3904 3054 patriam

1104 3077 1449 3160 eruimus,
1497 3099 1722 3170 quare
1758 3075 2039 3147 Scotiae
2091 3074 2450 3168 Hispania
2493 3077 2718 3150 fuerit
2765 3079 3130 3161 obstricta,
3183 3078 3424 3150 Scotia
3456 3078 3685 3162 mihi3
3737 3100 3902 3168 nam

944 3174 953 3182 ’
1104 3189 1283 3262 Vita
1329 3191 1403 3262 S.
1460 3194 1829 3268 Mansueti
1896 3191 2354 3264 Tullensium
2403 3193 2709 3285 apostoli
2761 3194 3026 3267 diserte
3077 3193 3498 3290 Eugenium
3549 3196 3902 3288 quendam

1101 3309 1193 3382 ab
1226 3333 1311 3382 eo
1342 3311 1423 3380 in
1463 3309 1855 3405 Hispanias
1891 3311 2292 3404 profectum
2325 3319 2596 3395 narrat,
2629 3319 2790 3382 orta
2835 3311 3028 3382 inter
3071 3311 3232 3382 illos
3281 3312 3372 3383 de
3421 3310 3636 3383 rebus
3685 3311 3902 3384 sacris

1100 3428 1245 3499 levi
1294 3429 1803 3512 controversia,
1858 3430 2051 3524 quod
2102 3431 2191 3500 de
2239 3426 2366 3500 SS.
2421 3428 2652 3499 Paulo
2695 3436 2770 3498 et
2815 3424 3158 3498 Barnaba
3199 3449 3559 3500 nonnemo
3607 3427 3902 3499 retulit:

1101 3543 1223 3614 hic
1256 3565 1428 3616 vero
1464 3545 1649 3616 alius
1684 3547 1777 3617 ab
1808 3546 1951 3616 isto
1982 3567 2139 3616 esse
2182 3567 2330 3616 non
2373 3553 2634 3637 potest.
2737 3543 3063 3616 Multum
3107 3566 3186 3615 se
3231 3543 3570 3614 Mariana
3615 3552 3898 3636 torquet

1099 3683 1317 3752 super
1368 3663 1525 3756 ejus
1577 3663 1813 3752 patria
1862 3662 2045 3732 libro
2096 3677 2216 3730 Χῖ.
2271 3659 2469 3732 Hist.
2524 3659 2734 3752 Hisp.
2790 3681 2944 3751 cap.
2999 3677 3180 3730 xlx.
3231 3655 3358 3752 qui
3410 3659 3594 3730 falso
3644 3681 3810 3730 eum
3857 3681 3902 3728 a

1099 3774 1173 3846 S.
1234 3775 1588 3870 Dionysio
1648 3798 2095 3860 conversum,
2158 3799 2249 3849 ex
2308 3777 2694 3851 traditione
2753 3777 3220 3862 existimavit,
3275 3797 3442 3848 cum
3491 3775 3728 3846 adhuc
3784 3775 3901 3846 ille

1098 3891 1373 3964 Gallias
1422 3915 1568 3963 non
1614 3895 1979 3988 attigerat,
2026 3903 2112 3964 ut
2164 3893 2522 3964 Batonius
2573 3891 3104 3964 illustrissimus
3157 3892 3494 3975 ostendit,
3543 3899 3618 3962 et
3665 3889 3898 3962 fusius

1097 4011 1461 4081 maximus
1520 4008 1843 4082 Savaron
1896 4010 2156 4102 probat
2213 4030 2380 4080 eum
2437 4030 2582 4078 non
2631 4008 2775 4078 nisi
2825 4009 2919 4078 ad
2967 4009 3440 4080 centesimum
3501 4028 3776 4078 annum
3824 4009 3900 4079 in

924 4195 951 4214 ,
1097 4123 1369 4197 Gallias
1428 4127 1837 4219 appulisse:
1886 4125 2065 4197 illud
2123 4148 2300 4196 vero
2356 4124 2684 4195 mirabile
2742 4125 2946 4209 duco,
3008 4125 3202 4216 quod
3255 4123 3330 4196 S.
3391 4123 3710 4218 Eugenii
3771 4145 3898 4194 nec

1096 4239 1491 4336 Gregorius
1547 4241 2013 4327 TuronensiS,
2078 4263 2210 4313 nec
2266 4239 2682 4336 Sigebertus
2730 4238 3282 4326 Gemblaoensis,
3357 4261 3486 4310 nec
3543 4238 3896 4332 Sulpitius

1094 4357 1425 4440 Severus,
1450 4381 1579 4430 nec
1604 4361 1795 4430 ullus
1816 4358 2109 4430 omnino
2132 4367 2454 4429 veterum
2480 4356 3026 4451 hagiologorum
3049 4353 3422 4427 Gallorum
3445 4357 3850 4426 meminerit
3869 4375 3890 4438 ;

1094 4497 1307 4572 quem
1342 4475 1551 4548 facile
1584 4497 1726 4546 non
1764 4475 2322 4566 praeteriissent,
2357 4475 2418 4544 si
2455 4481 2702 4544 tantus
2739 4473 2855 4541 vir
2887 4471 2966 4542 in
2999 4470 3254 4542 Galliis
3289 4493 3674 4542 conversus
3725 4471 3893 4542 fuis·

1095 4602 1227 4677 set,
1262 4601 1397 4664 aut
1430 4591 1731 4662 Parisiis
1770 4611 2047 4682 passuS.
2150 4588 2458 4681 Scripsit

1394 4707 1737 4780 Carmina
1770 4705 1975 4777 varia
2022 4705 2147 4778 lib.
2186 4722 2240 4778 1.
2287 4729 2472 4798 quae
2505 4705 2753 4786 laudat
2785 4703 3099 4776 Michael
3143 4704 3452 4778 Ruizius
3503 4701 3889 4796 Assagrius

1490 4823 1807 4896 Celtiber
1838 4824 1930 4896 ad
1964 4821 2362 4915 Corippum
2395 4823 2518 4896 lib.
2561 4841 2614 4894 1.
2648 4843 2848 4893 num.
2889 4837 2978 4892 11.
