4384 5817
1054 554 1182 618 148
1823 549 2288 619 HISTORIA
2334 547 3083 617 ECCLESIASTICA

1057 765 1209 814 sam
1244 741 1625 834 promovit,
1677 750 1750 812 et
1792 741 1870 809 in
1905 749 2150 811 saneto
2192 762 2405 832 opere
2454 740 2835 820 extinctus,
2886 738 3391 808 miraculorum
3442 737 3678 830 gloria
3726 757 3841 808 co-

1058 859 1397 929 ruscavit.
1487 856 1704 926 Hunc
1738 854 2064 950 Anglum
2096 855 2271 926 facit
2304 876 2682 938 nonnemo,
2715 855 3068 946 imperite,
3104 875 3269 924 cum
3301 852 3564 925 Petrus
3597 851 3840 924 Crate-

1055 975 1289 1064 polius
1322 973 1585 1042 diserte
1619 969 1910 1042 Scotum
1943 969 2180 1054 faciat,
2216 979 2289 1042 et
2323 971 2605 1064 vulgari
2640 970 2991 1042 versiculo
3022 978 3270 1061 patetz

1579 1148 1860 1228 Vulganii
1886 1147 2062 1220 Celsi,
2089 1167 2263 1228 quem
2292 1147 2493 1228 Belgis
2520 1148 2712 1209 Scotia
2737 1147 2917 1209 misit.

1057 1314 1379 1411 Maligne
1413 1315 1798 1387 commenti
1832 1325 2004 1386 sunt
2033 1313 2363 1410 Anglum
2394 1313 2617 1387 fuisse
2650 1337 2741 1386 ex
2772 1315 3144 1408 supposito
3180 1335 3443 1387 versu:

1581 1492 1864 1572 Vulganii
1893 1491 2068 1564 Celsi,
2097 1493 2201 1572 qui
2228 1491 2303 1553 ad
2327 1513 2432 1553 nos
2456 1492 2718 1574 procedit
2744 1493 2817 1552 ab
2843 1491 3075 1572 Anglis.

1061 1657 1286 1740 Quasi
1327 1657 1418 1727 ab
1459 1655 1724 1751 Anglis
1774 1657 2174 1747 procedere,
2226 1659 2323 1728 sit
2376 1679 2528 1729 esse
2578 1657 2929 1752 Anglum,
2978 1681 3145 1730 cum
3192 1682 3439 1732 omnes
3490 1671 3841 1734 nostrates

1055 1773 1664 1866 peregrinationes
1721 1795 1888 1843 suas
1949 1772 2040 1843 ab
2097 1770 2371 1868 Anglia
2420 1773 2837 1864 inciperent.
2958 1772 3085 1845 An
3136 1776 3405 1869 aliquid
3454 1779 3839 1869 scripserit,

1055 1913 1078 1958 1
1184 1909 1331 1959 oro.

1081 1911 1410 2074 g'nSacrae
1443 2004 1600 2098 ejus
1634 2005 1978 2097 reliquiae
2025 2005 2104 2076 in
2155 2005 2527 2076 Lensiensi
2578 2004 2870 2076 eeclesia
2917 2017 3435 2078 conservantur
3481 2007 3560 2077 in
3604 2006 3842 2103 Belgii

1055 2121 1382 2202 confinio,
1418 2131 1490 2192 et
1523 2121 1784 2192 colitur
1816 2122 1932 2190 die
1967 2139 2203 2191 xxvl.
2238 2119 2289 2190 J
2290 2121 2442 2203 ulii,
2478 2119 2771 2190 Molano
2813 2130 2886 2191 et
2920 2121 3255 2194 Ferreolo
3298 2121 3559 2194 Locrio
3600 2135 3837 2196 aucto·

1055 2259 1117 2307 r1
1167 2259 1278 2307 ue.

1123 2237 1316 2433 bQuo
1349 2374 1538 2424 anno
1571 2349 1916 2434 floruerit,
1950 2373 2098 2420 non
2129 2351 2583 2442 deprehendi,
2617 2359 2796 2442 puto
2828 2358 3070 2422 tamen
3108 2369 3249 2422 Mc.

1849 2547 1924 2618 S.
1975 2545 2455 2618 CONSTAN
2457 2545 2722 2618 TINU
2720 2547 2796 2620 S.
2900 2547 3067 2620 246.

1058 2697 1130 2768 S.
1169 2696 1826 2770 CONSTANTINUS
1854 2695 1997 2767 ΙΙΙ.
2033 2695 2409 2766 Scotorum
2444 2717 2594 2779 rex,
2632 2694 2811 2768 Ethi
2848 2697 2935 2768 F.
2972 2699 3249 2793 ingenti
3282 2699 3435 2770 acie
3465 2699 3557 2770 ab
3582 2697 3843 2794 Angli·

1059 2815 1314 2896 victua,
1365 2835 1674 2908 regnum
1723 2813 2013 2904 reliquit
2062 2809 2449 2882 Malcolmo
2483 2812 2541 2883 Ι.
2594 2809 2908 2883 Donaldi
2941 2811 3074 2886 VI.
3120 2813 3289 2894 filio,
3339 2824 3413 2885 et
3446 2815 3536 2884 ad
3570 2815 3665 2886 D.
3691 2815 3843 2888 An-

1059 2932 1289 3013 dreae,
1323 2929 1772 3000 sanctissimo
1803 2929 2192 3020 proposito,
2230 2928 2659 2998 monachum
2692 2928 2953 3012 induit,
2986 2941 3059 3000 et
3083 2937 3249 3021 post
3272 2930 3537 3001 multos
3564 2931 3839 3002 labores

1060 3047 1460 3118 exantlatos
1496 3045 1802 3115 vinculis
1837 3045 2033 3115 vitae
2067 3043 2370 3113 caducae
2404 3043 2703 3124 solutus,
2738 3044 2831 3113 ad
2864 3053 3228 3116 aeternam
3280 3045 3457 3116 abiit
3506 3046 3841 3137 quietem.

1060 3160 1271 3232 Hect.
1331 3161 1587 3232 Boeth.
1645 3160 1768 3230 lib.
1831 3177 1969 3229 XL.
2034 3157 2313 3230 Histor.
2374 3157 2563 3228 Scot.
2619 3156 2670 3227 J
2672 3180 2831 3229 oan.
2888 3159 3228 3232 Leslaeus
3278 3161 3400 3232 lib.
3444 3179 3521 3232 V.
3574 3169 3647 3232 et
3694 3163 3839 3233 alii.

1058 3275 1384 3368 Scripsit,
1417 3286 1504 3348 ut
1540 3277 1822 3359 volunt,

1353 3390 1473 3462 Ad
1509 3391 2017 3462 Athelstanum
2051 3389 2363 3484 Angliae
2395 3387 2671 3483 Regem
2704 3411 2919 3482 super
2958 3390 3139 3463 Pace
3172 3413 3334 3463 cum
3366 3390 3599 3464 Scotis
3630 3389 3753 3462 lib.
3790 3413 3841 3464 1.

1450 3507 1740 3579 Laudat
1769 3506 1906 3577 hoc
1937 3528 2116 3597 opus
2154 3503 2483 3577 Historia
2514 3503 2793 3577 Scotica
2823 3506 3167 3579 Forduni.

1350 3623 1858 3694 Meditationes
1893 3623 2050 3713 pias
2942 3621 3065 3693 lib.
3102 3640 3155 3691 1.

1154 3740 1363 3812 Vixit
1411 3739 1746 3832 religioso
1793 3737 2050 3810 habitu
2100 3737 2307 3807 annis
2358 3751 2625 3804 XXXV.
2674 3757 2804 3806 rex
2848 3735 2995 3807 fuit
3042 3739 3269 3809 annis·
3301 3756 3377 3808 V.
3428 3739 3610 3812 obiit
3658 3762 3847 3814 anno

1065 3871 1569 3926 Dccccxmn.
1628 3851 1996 3924 Arnoldus
2047 3851 2293 3922 Uvion
2337 3851 2461 3920 lib.
2500 3868 2613 3920 lv,
2664 3847 2883 3945 Ligni
2924 3852 3137 3923 Vitae
3186 3875 3339 3945 cap.
3376 3869 3523 3924 v11.
3624 3853 3848 3927 Errat

1059 3992 1208 4040 non
1239 3971 1494 4040 leviter
1526 3967 1930 4062 Ingulphus
1963 3966 2441 4060 croylanden.
2480 3964 2675 4036 Hist.
2712 3987 2877 4060 pag.
2914 3985 3349 4040 ccccxclx.
3386 3993 3549 4040 eum
3584 3969 3663 4040 in
3696 3973 3847 4044 acie

1061 4086 1164 4155 ait
1247 4083 1700 4156 interfectum
1785 4105 1828 4152 a
1903 4082 2205 4178 Singino
2286 4080 2727 4178 Wicciorum
2810 4085 3243 4155 centurione.
3378 4082 3661 4157 Colitur
3726 4107 3849 4158 xl.-

1063 4199 1338 4270 Martii.

1973 4395 2044 4466 S.
2096 4393 2459 4478 COMUS,
2506 4394 2667 4467 AB.
2770 4402 2935 4474 247.

1063 4547 1138 4618 S.
1199 4545 1508 4630 COMUS,
1561 4545 1779 4617 abbas
1829 4547 1908 4617 in
1951 4545 2192 4618 Scotia
2238 4545 2375 4617 sub
2422 4543 2711 4615 Aidano
2761 4545 2975 4617 VIII.
3022 4569 3211 4642 rege,
3262 4557 3669 4622 sanctorum
3728 4552 3854 4624 illo

1056 4663 1292 4734 feroce
1323 4663 1582 4744 seculo,
1621 4662 2119 4756 canonicorum
2153 4670 2379 4754 pater,
2416 4664 2701 4755 scripsit

1357 4775 1831 4850 Euchiridion
1851 4777 2170 4848 ‘Precum
2737 4781 2862 4852 lib.
2902 4799 2953 4852 Ι.
2990 4792 3063 4854 et
3096 4784 3257 4854 alia.
