4384 5817
1055 581 1186 648 238
1797 579 2295 650 -HISTORIA
2343 579 3095 651 ECCLESIASTICA

1063 797 1158 846 na
1191 791 1360 846 clx,
1398 785 1470 846 et
1502 770 1776 845 Anton.
1815 771 2187 846 Possevin.
2223 771 2502 867 Appar.
2536 775 2737 848 Sacri
2773 783 2948 847 tom.
2990 793 3041 846 1.
3078 795 3244 870 pag.
3283 792 3605 851 chxn.
3680 783 3857 880 Ejus

1067 898 1172 961 est

1365 1004 1788 1078 confutatio
1838 1004 2357 1098 Responsionis
2404 1004 2773 1079 Guilielmi
2828 1005 3275 1079 Whittakeri
3326 1008 3451 1080 lib.
3490 1028 3542 1082 1.
3630 1012 3859 1111 Ingol.

1463 1123 1702 1194 stadii.

1161 1238 1371 1312 Vixit
1403 1250 1478 1312 et
1509 1239 1692 1312 obiit
1723 1238 1804 1310 in
1837 1237 2248 1324 Germania,
2282 1241 2409 1312 sed
2439 1240 2679 1312 nescio
2712 1239 2838 1313 ubi
2868 1240 3030 1324 loci,
3064 1261 3257 1313 armo
3294 1258 3815 1318 MDLxxxvn.

1594 1469 2223 1546 GUALTERUS
2268 1469 3047 1546 DONALDSONUS.
3152 1477 3323 1547 430.

1069 1707 1580 1780 GUALTERUS
1611 1705 2142 1790 Donaldsonus,
2178 1705 2427 1801 magni
2452 1705 2787 1790 nominis,
2812 1706 2951 1782 sed,
2972 1705 3269 1802 majoris
3301 1709 3571 1794 meriti,
3608 1708 3862 1786 Sedau.

1064 1823 1256 1896 ensis
1303 1823 1586 1894 scholae
1633 1821 2207 1918 gymnasiarcha,
2266 1841 2349 1894 ac
2394 1821 2886 1915 philosophiae
2928 1822 3197 1895 ibidem
3240 1823 3622 1917 professor,
3670 1829 3857 1900 varia

1067 1937 1338 2011 edidit:
1387 1960 1524 2035 ego
1558 1946 1844 2010 tantum
1881 1937 2030 2009 vidi

1364 2053 1810 2148 Lachrymas
1844 2053 2166 2126 Tumulo
2204 2051 2505 2126 Hem-ici
2538 2053 2819 2127 Stuarti
2855 2054 3165 2129 Walliae
3198 2055 3559 2151 Principis
3656 2058 3776 2130 lib.
3812 2078 3857 2130 1.

1165 2170 1374 2243 Vivit
1407 2170 1666 2254 adhue,
1701 2179 1776 2244 et
1807 2173 2041 2244 multa
2073 2170 2395 2264 quotidie
2426 2179 2751 2263 posteros
2776 2180 3125 2243 ornatura
3155 2171 3487 2244 molitur:
3518 2193 3712 2244 nunc
3748 2197 3859 2246 au-

1063 2289 1184 2360 dio
1216 2286 1519 2360 Parisiis
1551 2286 2065 2381 professionem
2101 2287 2476 2378 occepisse,
2511 2285 2701 2380 quod
2738 2287 2927 2360 bono
2962 2287 3141 2380 reip.
3175 2288 3537 2360 literariae
3571 2287 3720 2360 fiat.

1643 2517 2293 2594 GUILIELMUS
2340 2516 3021 2592 DAVIDSONUS.
3126 2521 3296 2592 431.

1065 2751 1608 2826 GmLmLMns
1689 2752 2152 2828 Davidsonus
2220 2756 2443 2829 bonas
2510 2761 2701 2826 artes
2769 2753 2846 2824 in
2916 2752 3159 2826 Scotia
3223 2751 3501 2837 didicit,
3572 2753 3859 2826 Parisiis

1067 2869 1335 2955 docuit,
1389 2871 1748 2944 indivisus
1795 2870 1847 2942 J
1849 2873 2102 2945 oannis
2149 2872 2588 2965 Dempsteri,
2646 2871 2801 2946 sive
2857 2871 3363 2957 Themistoris,
3422 2873 3512 2944 de
3564 2893 3711 2964 quo
3756 2893 3859 2942 su-

1063 3009 1221 3079 pra,
1287 2988 1580 3084 collega,
1639 2987 2136 3081 philosophiae
2195 2989 2443 3060 eodem
2508 2998 2831 3082 tempore
2889 2987 3271 3082 professor.
3402 2985 3659 3058 Edidit
3730 2985 3860 3058 Lu-

1065 3105 1307 3188 tetiae,
2906 3144 2912 3150 ·

1366 3218 1874 3315 Philosophiae
1906 3219 2413 3296 Aristotelicas
2446 3218 2812 3315 Synopsin
3166 3220 3291 3294 lib.
3329 3240 3383 3293 1.

1371 3333 1868 3409 Praefationes
1901 3339 2230 3410 solennes
3168 3338 3293 3411 lib.
3330 3356 3385 3410 1.

1167 3451 1490 3524 Doeendi
1528 3475 1794 3526 munus
1829 3475 2213 3550 aggressus
2248 3461 2380 3538 est,
2414 3475 2505 3525 ex
2538 3454 2717 3525 actis
2750 3453 3153 3526 academiae
3188 3451 3641 3536 ParisiensiS,
3687 3471 3859 3522 anno

1075 3585 1376 3640 Μυῖαν.

1768 3802 2266 3876 ANDREAS
2315 3801 2900 3876 DUNCANUS.
3006 3808 3176 3877 432.

1075 4036 1490 4110 ANDREAS
1542 4036 1940 4110 Duncanus
1997 4039 2150 4109 solo
2204 4036 2497 4108 nomine
2546 4036 2728 4109 mihi
2790 4045 3007 4109 notus
3057 4047 3188 4121 est,
3240 4048 3312 4110 et
3359 4045 3541 4130 puto
3590 4055 3863 4128 operam

1077 4175 1282 4224 suam
1315 4153 1668 4245 poliendis
1703 4153 2163 4245 popularium
2198 4151 2509 4248 ingeniis
2544 4149 2981 4239 destinavit3
3030 4155 3270 4228 neseio
3302 4163 3569 4238 tamen,
3606 4175 3701 4223 an
3732 4171 3863 4222 non

1077 4270 1296 4340 etiam
1363 4269 1442 4340 in
1499 4267 1754 4342 Galliis
1813 4269 2265 4363 aliquamdiu
2318 4267 2751 4342 substiterit.
2856 4269 3243 4363 Utcunque
3302 4270 3417 4341 vir
3484 4267 3864 4341 habebatur

1084 4385 1565 4471 doctissimus,
1599 4395 1674 4458 et
1706 4387 1898 4458 inter
1932 4387 2049 4457 sui
2082 4385 2303 4457 seculi
2337 4384 2631 4478 primos.
2732 4383 2925 4482 EJus
2956 4395 3172 4458 sunt:

1377 4499 1822 4574 Rudimenta
1857 4495 2173 4574 Pietatis·
3166 4501 3290 4574 lib.
3328 4519 3381 4573 1.

1225 4595 1252 4612 “
1377 4617 1826 4690 Rudimenta
1859 4616 2387 4689 Grammaticae
2504 4677 2511 4688 .
3164 4617 3289 4691 lib.
3329 4637 3381 4688 1.

1383 4733 1858 4831 Etymologia
1889 4731 2158 4806 Latina
3168 4734 3294 4807 lib.
3334 4753 3385 4806 Ι.

1182 4851 1408 4937 Obiit,
1447 4860 1534 4924 ut
1568 4849 1798 4936 aiunt,
1837 4871 2028 4923 anno
2059 4849 2463 4942 superiori3
2528 4849 2604 4920 id
2639 4859 2769 4936 est,
2809 4867 3235 4924 Mncxvm.
