4384 5817
1131 567 1264 640 214
1907 571 2379 642 HISTORIA
2422 571 3175 646 EchESIAsTch

1131 763 1183 834 J
1185 762 1436 835 oannis
1481 761 1760 834 Leslaei
1790 763 1915 836 lib.
1953 779 2032 834 v,
2072 763 2270 836 Hist.
2306 763 2495 837 Scot.
2540 787 2703 860 pag.
2740 783 2901 837 cxc
2910 785 3030 838 111.
3118 767 3371 862 Pergit
3402 776 3560 838 tum
3592 768 3773 840 idem
3803 771 3909 842 hiss

1132 879 1440 950 storicus
1475 899 1790 960 narrare,
1841 879 2076 950 caedis
2123 888 2451 952 auctores
2502 881 2871 971 suppliciis
2920 881 3232 965 affectos,
3281 884 3486 974 prius
3534 893 3772 955 tamen
3814 887 3907 956 lo-

1133 1015 1320 1076 cum,
1353 994 1431 1064 in
1463 1015 1608 1086 quo
1641 993 1998 1066 demortui
2031 996 2224 1088 regis
2258 1017 2514 1086 corpus
2548 994 2992 1078 abdiderant,
3044 997 3359 1067 indicare
3392 1007 3710 1083 coactos3
3764 1010 3907 1071 tum

1131 1107 1378 1178 subdit
1409 1109 1530 1178 ille
1557 1129 1576 1179 ε
1638 1129 1918 1200 corpus,
1951 1109 2147 1201 quod
2179 1111 2690 1191 occultabatur,
2734 1120 3099 1202 repertum
3146 1121 3193 1153 ‘⁶
3223 1131 3316 1182 ex
3348 1114 3549 1183 omni
3580 1123 3783 1204 parte
3815 1117 3910 1185 in·

1133 1235 1446 1319 tegrum,
1517 1225 1624 1296 ita
1687 1234 1776 1295 ut
1831 1245 1960 1296 nec
2017 1223 2285 1295 vermis
2339 1247 2625 1296 carnem
2678 1225 3016 1308 exederit,
3075 1248 3205 1298 nec
3269 1235 3553 1318 tempus
3620 1227 3911 1300 formam

1129 1339 1496 1422 deleverit,
1531 1361 1664 1410 nec
1695 1341 1893 1410 locus
1927 1339 2233 1410 colorem
2266 1338 2668 1412 infuscarit.
2762 1339 2902 1410 Illa
2931 1341 3249 1432 primum
3282 1343 3433 1413 dies
3467 1342 3913 1415 densissimas

1127 1451 1376 1536 nubes,
1411 1454 1675 1545 quibus
1707 1455 1985 1526 coelum
2015 1453 2160 1525 fuit
2194 1453 2605 1537 obductum,
2638 1454 2961 1546 dispulit,
2988 1458 3349 1548 solemque
3372 1457 3718 1528 reduxit?
3784 1457 3917 1530 Ac·

1127 1571 1340 1639 cessit
1387 1569 1644 1662 ingens
1693 1569 2142 1652 miraculum,
2189 1591 2361 1640 nam
2410 1572 2631 1652 locus,
2679 1568 2807 1642 ubi
2856 1579 3183 1641 sanctum
3234 1593 3493 1662 corpus
3542 1571 3913 1666 abjectum,

1125 1683 1366 1753 media
1421 1683 1679 1766 hieme,
1733 1693 2182 1780 repugnante
2232 1693 2513 1770 natura,
2565 1686 2689 1755 sed
2729 1685 3029 1778 jubente
3078 1693 3380 1756 naturae
3428 1685 3765 1772 Domino,
3814 1697 3915 1758 to-

1126 1806 1390 1889 tusque
1422 1813 1716 1890 campus
1751 1799 2034 1870 vicinus
2079 1795 2430 1884 effloruit3
2480 1800 2672 1872 unde
2722 1800 2789 1869 ei
2838 1822 3099 1872 nomen
3143 1799 3425 1884 Kilflos,
3470 1808 3545 1872 et
3592 1810 3912 1892 corrupte

1127 1911 1385 1996 Killos,
1435 1915 1516 1984 in
1566 1913 1901 1984 Moravia
1948 1911 2220 1984 celebre
2268 1915 2782 1985 monasterium
2843 1913 3450 1997 cisterciensium,
3502 1923 3588 1985 ut
3633 1914 3815 1984 libro
3862 1933 3910 1984 1.

1124 2025 1482 2120 Apparat.
1519 2027 1718 2101 Hist.
1755 2027 1948 2100 Scot.
1983 2050 2138 2120 cap.
2173 2043 2315 2098 xv,
2365 2029 2770 2119 probatum.
2824 2028 3037 2100 Hect-
3073 2027 3331 2101 Boeth.
3368 2029 3493 2100 lib.
3530 2045 3649 2099 11.
3700 2028 3916 2099 Scoti-

1125 2143 1512 2215 chronicon
1543 2145 1672 2216 lib.
1706 2161 1890 2217 vul.
1926 2166 2080 2236 cap.
2119 2159 2325 2212 xxv.
2422 2142 2653 2214 Porro
2697 2143 2773 2214 S.
2816 2142 3013 2214 Duffi
3045 2165 3301 2234 corpus
3334 2145 3489 2216 loco
3521 2145 3630 2214 illi
3662 2165 3915 2215 nomen

1122 2258 1294 2330 fecit
1327 2261 1538 2332 annis
1573 2277 2018 2335 ccxxxux.
2053 2259 2477 2350 priusquam
2508 2260 3023 2329 monasterium
3058 2259 3531 2329 conderetur:
3580 2267 3667 2330 ut
3698 2259 3913 2330 falsus

1125 2371 1348 2446 fuerit
1395 2374 1476 2445 in
1519 2397 1711 2446 anno
1753 2373 2201 2446 fundationis
2251 2370 2583 2466 Rogems
2633 2370 3071 2442 Hovedenus
3120 2369 3391 2444 Annal.
3442 2395 3597 2466 par.
3650 2393 3705 2446 1.
3754 2396 3909 2468 pag.

1127 2505 1546 2562 chxxxl„
1631 2488 1936 2580 Scripsit
1968 2496 2210 2559 autem
2242 2507 2374 2558 rex
2404 2487 2543 2557 iste

1419 2603 1534 2674 De
1565 2602 1754 2675 bono
1785 2599 2172 2697 Regimine
3017 2601 3143 2672 lib.
3180 2619 3233 2675 1.

1422 2715 1688 2789 Edicta
1717 2717 1810 2788 ad
1843 2715 2140 2790 Thanos
3012 2715 3138 2786 lib.
3176 2734 3231 2786 1.

1222 2833 1492 2906 Passus
1523 2842 1634 2906 est
1663 2855 1798 2927 pro
1821 2833 2114 2928 justitia
2145 2856 2337 2907 anno
2371 2847 2907 2905 nccccnxxn.
3009 2828 3187 2902 Dies
3219 2838 3332 2902 est
3362 2830 3700 2905 incertus.

1949 3061 2024 3136 S.
2074 3061 2822 3136 DARDULACHA.
2927 3067 3095 3142 391.

1125 3294 1200 3366 S.
1253 3294 1872 3378 Dsnnunscns,
1925 3295 2134 3390 virgo
2183 3294 2417 3377 Scota,
2466 3302 2542 3365 et
2589 3293 2966 3388 peregrina
3014 3294 3093 3364 in
3142 3291 3531 3364 Germania
3578 3293 3898 3374 excessit;

1125 3433 1348 3495 soror,
1382 3421 1468 3484 ut
1500 3411 1857 3495 existimo,
1892 3408 2019 3481 SS.
2068 3409 2477 3483 Gunifortis
2522 3418 2596 3481 et
2638 3407 3048 3492 Grunibaldi,
3096 3418 3181 3479 ut
3215 3429 3305 3479 ex
3338 3430 3585 3480 eorum
3618 3409 3900 3480 historia

1130 3529 1410 3622 colligo,
1443 3549 1662 3619 quam
1695 3526 1914 3598 habet
1945 3527 2435 3596 sanctuarium
2471 3525 2775 3618 Papiae:
2828 3532 3192 3616 utcunque
3226 3523 3343 3604 sit,
3388 3523 3565 3594 haec
3605 3524 3902 3594 maximo

1125 3643 1526 3716 devotionis
1561 3641 1822 3712 affectu
1856 3642 2118 3712 colitur
2149 3639 2549 3734 Frisingae,
2594 3647 2681 3710 ut
2712 3660 2805 3710 ex
2835 3638 3213 3710 Breviario
3260 3637 3711 3733 Frisingensi
3756 3659 3904 3708 con-

1127 3767 1322 3841 stat;
1373 3755 1647 3828 frustra
1679 3756 1798 3826 hic
1829 3757 2088 3847 stipem
2123 3763 2365 3846 captat
2399 3752 2823 3824 Hirlandus.

1226 3873 1466 3944 Scotia
1509 3871 1812 3942 excessit
1862 3892 2027 3941 cum
2066 3868 2413 3941 fratribus
2462 3868 2741 3940 duobus
2792 3877 2865 3940 et
2912 3889 3063 3940 una
3110 3889 3351 3940 sorore
3398 3889 3517 3940 an.
3568 3883 3900 3940 ccccxx.

1125 3988 1408 4059 Colitur
1440 3987 1556 4058 die
1591 4005 1642 4057 1.
1678 3984 2083 4068 Februarii,
2116 4007 2207 4055 ex
2240 3983 2651 4056 auctoribus
2681 3983 3015 4056 laudatis.

2172 4213 2397 4286 DAN
2398 4211 2599 4285 IEL.
2702 4219 2870 4293 392.

1127 4451 1494 4533 DANIEL,
1565 4447 2088 4522 carthusianus
2154 4455 2457 4540 martyr,
2540 4469 2789 4518 everso
2864 4446 3202 4519 coenobio
3276 4443 3664 4528 Perthano,
3730 4441 3903 4538 quod

1125 4563 1912 4676 magnificentissimum
1997 4564 2076 4633 in
2156 4561 2367 4634 Valle
2447 4560 2765 4634 Virtutis
2854 4564 3179 4634 extruxit
3244 4559 3295 4630 J
3294 4561 3556 4632 acobus
3622 4559 3687 4631 1.
3766 4579 3902 4638 rex,

1125 4705 1286 4756 cum
1372 4680 1790 4754 ferocientes
1875 4654 2315 4751 haereticos
2351 4679 2426 4749 vi
2510 4678 2709 4749 verbi
2792 4679 3025 4748 divini
3108 4679 3521 4750 admoneret
3604 4677 3902 4753 liberius.

1089 4859 1106 4872 .
1124 4801 1204 4869 in
1261 4798 1526 4892 ignem,
1584 4795 1710 4889 qui
1761 4795 2008 4866 aedem
2056 4813 2335 4866 sacram
2386 4792 2785 4876 hauriebat,
2834 4815 3171 4886 praeceps
3219 4794 3483 4865 datus·
3462 4841 3487 4875 ,
3537 4801 3699 4865 tum
3758 4809 3905 4862 cum
