4384 5817
1017 492 1148 556 204
1791 488 2262 559 HISTORIA
2306 489 3059 562 ECCLESIASTICA

1319 682 1568 755 Vitam
1605 681 1680 754 S.
1717 679 1948 752 Beani
1981 682 2452 754 antecessoris
2484 684 2599 754 sui
2920 683 3043 754 lib.
3084 702 3137 754 1.

1121 799 1427 871 Sedebat
1467 820 1656 870 anno
1709 813 1921 868 uxr..
1973 796 2138 879 Quo
2183 797 2301 868 die
2346 799 2624 870 colatur
2672 821 2819 870 non
2866 799 3305 884 observavit,
3358 810 3437 873 at
3484 809 3826 878 memoria

1023 916 1178 1008 ejus
1238 916 1354 986 die
1415 933 1595 985 xxl.
1655 911 1854 1008 Aug.
1917 914 2228 998 colitur:
2292 929 2441 983 vn.
2490 912 2687 1010 Aug.
2740 924 2813 986 et
2872 933 3049 986 xvl.
3105 917 3425 1010 ejusdem
3484 921 3825 1013 reliquiae

1020 1033 1430 1103 translatae.

1967 1228 2042 1300 S.
2094 1225 2606 1300 DONATUS.
2710 1233 2879 1308 371.

1020 1380 1094 1452 S.
1132 1379 1538 1451 Donamus
1572 1379 1936 1461 diaconus,
1985 1378 2170 1449 alius
2211 1376 2304 1448 ab
2352 1377 2683 1470 episcopo
2732 1377 3112 1464 Fesulano,
3146 1382 3383 1452 socius
3416 1383 3825 1476 peregrina-

1014 1495 1235 1567 tionis
1281 1517 1366 1566 ac
1407 1493 1746 1585 martyrii
1797 1492 1872 1564 S.
1925 1493 2227 1578 Kiliani,
2272 1514 2423 1563 una
2470 1515 2635 1564 cum
2686 1491 3009 1578 Gallone,
3059 1493 3397 1578 Arnuali,
3450 1495 3819 1580 Colonato,

1013 1613 1076 1684 si
1109 1611 1286 1682 fides
1320 1609 1648 1682 habenda
1680 1609 1776 1680 sit
1811 1630 2172 1702 anonymo
2206 1608 2555 1679 monacho
2588 1618 2795 1680 eruto
2842 1631 2885 1680 a
2931 1608 3362 1682 bibliotheca
3404 1612 3817 1684 monasterii

1013 1727 1288 1800 ordinis
1320 1725 1908 1796 Praedicator-um
1941 1721 2375 1806 Aichstadii,
2420 1745 2637 1816 quem
2688 1735 2861 1796 tom.
2898 1741 3011 1794 lv,
3060 1723 3455 1819 Antiquar.
3490 1725 3815 1799 Lection.

1011 1865 1179 1942 pag.
1205 1858 1564 1914 ncxmu.
1590 1840 1992 1934 publicavit
2019 1838 2381 1912 Henricus
2407 1838 2779 1926 canisium
2814 1841 2941 1912 sed
2962 1849 3335 1934 suspectus
3352 1842 3475 1914 ille
3506 1841 3687 1912 mihi
3712 1853 3823 1914 est

1010 1961 1343 2054 scriptor,
1376 1957 1574 2052 quod
1605 1957 2056 2030 communior
2087 1957 2187 2028 sit
2224 1955 2695 2028 scribentium
2740 1957 3006 2050 opinio,
3056 1958 3237 2030 duos
3288 1967 3574 2032 tantum
3622 1959 3823 2030 illius

1005 2077 1342 2170 martyrii
1377 2074 1672 2148 comites
1707 2072 1978 2158 fuisse3
2013 2073 2140 2144 sed
2173 2072 2417 2166 potuit
2447 2071 2603 2143 fieri
2635 2083 2721 2144 ut
2752 2075 2995 2165 plures
3028 2073 3324 2159 fuerint,
3350 2075 3503 2168 qui,
3534 2075 3629 2147 ab
3658 2075 3826 2146 aliis

1007 2191 1276 2276 omissi,
1309 2189 1403 2263 ab
1435 2191 1570 2262 hoc
1601 2197 2115 2262 memorentur.
2220 2187 2343 2260 Tu
2375 2189 2563 2260 vide.
2664 2187 2969 2282 Scripsit

1303 2307 1420 2379 De
1453 2305 2044 2402 Peregrinatione
2075 2303 2359 2378 Kiliani
2392 2305 2723 2400 magistri
3006 2303 3131 2376 lib.
3172 2324 3224 2376 1.

1104 2425 1390 2496 claruit
1426 2445 1618 2496 anno
1652 2439 2130 2494 ncnxxxrx.

2035 2653 2112 2728 S.
2162 2652 2517 2728 DAVID.
2618 2659 2789 2732 ³72.

1005 2891 1078 2963 S.
1119 2891 1424 2973 DAvm,
1451 2887 1828 2962 Scotorum
1853 2911 2005 2972 rex,
2043 2887 2275 2982 “jure
2307 2889 2500 2959 inter
2529 2887 2737 2958 divos
2772 2888 3258 2969 numeratus,”
3291 2891 3397 2960 ait
3425 2889 3524 2962 H.
3556 2891 3809 2964 Bosth.

1004 3008 1130 3080 lib.
1169 3023 1288 3078 xl.
1343 3004 1622 3078 Histor.
1677 3025 1844 3101 pag.
1882 3021 2182 3076 CCXLV.
2238 3003 2607 3074 Malcolmi
2659 3001 2801 3074 111.
2854 3025 2947 3074 ex
2996 3002 3070 3074 S.
3125 3003 3547 3102 Margsrota
3593 3007 3803 3092 filius,

1001 3125 1210 3196 varia
1238 3122 1535 3194 fortuna
1568 3143 1732 3192 cum
1765 3117 2032 3216 Anglis
2069 3120 2337 3190 bellum
2370 3119 2596 3213 gessit
2628 3137 2761 3210 pro
2796 3117 3347 3206 Northumbria,
3390 3123 3597 3218 cujus
3647 3123 3810 3196 hae-

999 3240 1246 3312 redem
1271 3238 1350 3309 in
1375 3259 1678 3310 uxorem
1710 3237 2020 3307 duxerat
2042 3255 2064 3319 ;
2101 3235 2227 3306 sed
2252 3255 2501 3327 pacem
2532 3244 2785 3326 postea
2807 3235 3259 3328 aequissimis
3282 3237 3807 3310 conditionibus

1000 3355 1196 3439 fecit,
1232 3361 1306 3425 et
1338 3351 1784 3426 sanctissime
1815 3349 2082 3423 factam
2113 3349 2527 3421 custodivit.
2600 3348 3015 3443 Pauperum
3048 3371 3321 3436 causas,
3358 3375 3450 3424 ne
3482 3377 3529 3424 a
3558 3361 3807 3446 poten-

1001 3472 1308 3545 tioribus
1353 3468 1703 3564 injuriose
1749 3467 2350 3559 opprimerentur,
2396 3465 2551 3558 ipse
2584 3467 3073 3560 cognoscebat.
3178 3465 3261 3536 M
3267 3470 3625 3540 onasteria
3659 3477 3812 3544 toto

999 3609 1225 3682 reg-no
1257 3607 1474 3657 censu
1507 3605 1592 3654 ac
1623 3583 1978 3654 reditibus
2009 3583 2391 3674 ampliavit
2421 3581 2847 3674 ditavitque,
2882 3600 3059 3654 x1v.
3111 3584 3201 3654 de
3232 3601 3423 3656 novo
3452 3583 3809 3667 fundavit,

1001 3721 1434 3793 censumque
1482 3698 1907 3794 assignavit,
1961 3713 2074 3768 Π.
2127 3697 2577 3789 episcopatus
2627 3698 2971 3782 instituit,
3024 3721 3327 3794 regnum
3362 3701 3557 3792 pacis
3600 3701 3807 3772 bene-

976 3819 1160 3890 'ficio
1192 3815 1778 3888 florentissimum
1815 3813 2154 3885 reddidit.
2258 3810 2603 3886 Meminit
2644 3814 2826 3908 ejus,
2880 3821 2967 3885 ut
3008 3823 3213 3906 puto,
3263 3813 3357 3885 D.
3394 3815 3811 3888 Bernardus

999 3935 1080 4006 in
1111 3932 1290 4005 Vita
1333 3931 1428 4002 D.
1476 3930 1898 4004 Malachiae.
2001 3928 2114 4000 De
2157 3951 2267 4012 eo,
2312 3937 2539 4020 patre,
2571 3937 2825 4011 matre,
2858 3927 3107 4012 fratre,
3146 3928 3809 4002 Malmesburiensis

997 4051 1123 4124 lib.
1159 4065 1238 4119 v,
1276 4057 1322 4090 ‘⁶
1354 4047 1608 4142 Neque
1639 4067 1962 4140 unquam
1996 4047 2076 4117 in
2110 4057 2272 4117 acta
2302 4044 2771 4115 historiarum
2804 4045 3113 4116 relatum
3156 4053 3290 4127 est,
3332 4053 3577 4116 tantae
3610 4059 3809 4116 sanc-

997 4167 1232 4240 titatis
1283 4173 1432 4236 tres
1483 4162 1708 4234 fuisse
1763 4162 2038 4255 pariter
2093 4181 2324 4257 reges,
2372 4165 2447 4230 et
2494 4157 2759 4230 fratres
2808 4167 3176 4230 maternae
3224 4160 3515 4251 pietatis
3566 4171 3811 4232 nectar

997 4279 1470 4354 redolenteS.'’
1568 4275 1692 4348 An
1729 4277 2004 4370 aliquid
2040 4275 2429 4368 scripserit,
2464 4273 2723 4344 nescio.

1097 4394 1306 4468 Obiit
1357 4391 1668 4466 Carleoli
1729 4415 1922 4462 anno
1973 4393 2180 4488 regni
2228 4407 2473 4461 xxlx.
2518 4391 2733 4461 salut.
2792 4406 3040 4461 110111.
3090 4390 3171 4460 in
3222 4390 3425 4462 Petri
3474 4391 3813 4462 cathedra

1001 4513 1292 4584 sedente
1325 4507 1660 4603 Eugenio
1697 4505 1839 4578 ΙΙΙ.
1891 4508 2325 4598 imperatore
2374 4505 2707 4578 Conrado
2758 4504 2901 4577 111.
2952 4503 3399 4576 Francorum
3442 4529 3613 4602 rege
3660 4507 3817 4578 Lu-

997 4628 1250 4700 dovico
1275 4626 1590 4721 juniore.
1693 4623 2115 4696 Celebratur
2147 4622 2495 4693 memoria
2528 4638 2646 4692 lx.
2682 4621 2953 4693 calend.
2989 4619 3041 4690 J
3042 4621 3223 4692 unii.
3300 4613 3805 4696 Scotichronic.

995 4743 1071 4814 S.
1109 4741 1445 4814 Andreae
1477 4739 1603 4812 lib.
1644 4757 1826 4811 v111.
1863 4760 2017 4832 cap.
2057 4758 2108 4810 1.
