4384 5817
1349 554 1706 632 GENTIS
1752 552 2313 638 SCOTORUM,
2358 552 2543 622 LIB.
2589 550 2722 620 111.
3306 548 3435 618 179

647 751 724 820 in
760 745 1022 832 Scotia,
1055 756 1140 820 ut
1173 769 1265 820 ex
1300 747 1629 820 Historia
1661 745 2060 818 Alexandri
2094 746 2289 818 Milli
2322 745 2495 818 alibi
2538 744 2721 816 fuse.
2768 739 3137 815 Antonius
3172 736 3436 812 Senen-

645 867 746 936 sis
777 863 1176 938 Lusitanus
1209 862 1542 936 Chronic.
1579 863 1757 935 Ord.
1794 861 2117 934 Praedic.
2151 883 2318 958 pag.
2358 878 2621 932 van.

1344 1093 1872 1167 LUDOVICU
1873 1093 1926 1166 S
1975 1092 2487 1166 CERLEON.
2591 1096 2759 1170 309.

647 1327 1126 1400 Lunovmus
1151 1327 1475 1412 Cei-leon,
1503 1330 1672 1400 exul
1696 1329 1772 1399 in
1799 1325 2092 1424 Anglia,
2117 1326 2483 1418 praeclara
2513 1323 2787 1420 ingenii
2822 1324 2939 1396 sui
2972 1331 3440 1396 monumenta

647 1443 939 1536 reliquit
961 1462 984 1526 ;
1019 1467 1149 1516 nec
1181 1447 1392 1536 plura
1413 1445 1502 1514 de
1528 1466 1614 1514 eo
1637 1443 2092 1537 deprehendi,
2124 1442 2267 1512 nisi
2300 1441 2381 1513 in
2410 1442 2724 1534 pau-iam
2752 1447 3167 1512 revocatum
3190 1440 3441 1511 statim

651 1559 1052 1632 excessisse.
1154 1560 1344 1655 Ejus
1379 1566 1595 1631 sunt:

941 1673 1272 1748 Eduardi
1305 1673 1532 1770 Angli
1568 1673 1934 1767 Tyr-annis
2541 1673 2667 1745 lib.
2706 1691 2759 1744 1.
2795 1673 3165 1746 Sconanus
3198 1673 3441 1744 codex.

943 1789 1440 1884 Epistularum
1473 1789 1568 1860 D.
1606 1789 1818 1862 Pauli
1853 1790 2298 1883 Explanatio
2551 1788 2680 1862 lib.
2720 1807 2773 1860 1.

948 1905 1452 1998 Philosophiae
1485 1904 2007 1998 Compendium
2548 1905 2674 1976 lib.
2710 1923 2766 1976 1.
2800 1928 2985 1999 quae
3016 1905 3277 1978 ultima
3302 1905 3447 1976 duo

1040 2044 1258 2114 opera
1289 2021 1615 2093 Basileae
1647 2023 2092 2112 prodierunt.

747 2137 1059 2210 Vivebat
1092 2159 1281 2210 anno
1317 2154 1780 2210 mcccnxnt.

1619 2369 2201 2442 COGITOSUS.
2307 2373 2475 2442 810.

652 2599 1134 2679 Coffl'rosUS.
1161 2601 1608 2673 nobilissima
1639 2602 1853 2672 domo
1885 2609 2112 2686 ortus,
2147 2603 2221 2674 S.
2261 2601 2609 2698 Brigidae
2640 2601 3071 2675 Ladinensis
3105 2623 3347 2694 nepoS,
3383 2613 3459 2675 et

651 2718 880 2788 eidem
916 2718 1255 2808 aequalia,
1289 2726 1375 2789 ut
1408 2719 1560 2808 ipse
1593 2718 1672 2788 in
1707 2717 1846 2788 fine
1878 2721 2114 2810 operis
2157 2720 2271 2789 sui
2320 2719 2587 2790 innuit.
2688 2716 2780 2791 V.
2818 2720 2987 2789 clar.
3030 2715 3457 2789 Theodorus

654 2833 1027 2904 Mai-cilius
1077 2835 1512 2904 monasticae
1561 2833 2024 2925 professionis
2069 2856 2237 2905 eum
2281 2833 2509 2906 fuisse
2555 2835 3022 2918 existimavit,
3082 2835 3209 2906 sed
3257 2835 3459 2904 nulla

651 2947 1002 3040 probabili
1052 2950 1353 3020 ratione.
1477 2947 1822 3044 Ignotum
1873 2957 2029 3020 erat
2079 2951 2273 3041 apud
2330 2948 2579 3022 Scotos
2630 2950 2850 3045 hujus
2900 2970 3185 3033 nomen,
3237 2948 3461 3020 donec

657 3062 1016 3134 Henricus
1051 3063 1386 3135 Canisius
1421 3088 1462 3136 e
1495 3065 1808 3136 tenebris
1855 3067 2278 3137 memoriam
2320 3067 2531 3160 quasi
2579 3064 2969 3162 fugitivam
3016 3065 3341 3148 retraxit,
3389 3073 3463 3136 et

649 3179 1012 3270 publicato
1044 3201 1256 3271 opere
1292 3180 1691 3262 recidivatu
1725 3180 2043 3252 donavit.
2118 3180 2349 3276 Cujus
2383 3181 2901 3274 praefationem
2935 3182 3123 3251 vide.
3206 3179 3467 3251 Memi-

651 3294 766 3364 nit
796 3290 1070 3365 Anton.
1109 3294 1486 3366 Possevin.
1521 3294 1880 3387 Apparat.
1915 3295 2115 3368 Sacri
2147 3295 2485 3390 Append.
2526 3314 2613 3367 11.
2648 3318 2815 3392 pag.
2852 3315 3090 3368 XXIV.
3160 3296 3465 3387 Scripsit

949 3409 1062 3480 De
1098 3409 1278 3482 Vita
1313 3409 1385 3481 S.
1425 3411 1770 3506 Brigidae
2550 3412 2674 3483 lib.
2717 3431 2768 3482 1.

951 3524 1058 3597 Et
1107 3527 1248 3597 alia
1307 3528 1387 3598 in
1440 3527 1870 3600 bibliotheca
1927 3527 2285 3602 Bavarica
2333 3529 2491 3623 ejus
2542 3536 3011 3599 monumenta
3058 3529 3464 3600 conservari

1062 3643 1305 3714 audio.

759 3756 970 3828 Vixit
1030 3779 1178 3828 non
1239 3780 1428 3829 anno
1481 3776 1806 3830 Mxxln.
1859 3768 1942 3831 ut
1994 3759 2153 3831 viro
2204 3759 2524 3850 alioquin
2571 3760 2780 3830 docto
2831 3760 3091 3842 visum,
3136 3759 3263 3830 sed
3306 3781 3469 3831 cum

659 3873 818 3965 ipsa
851 3871 926 3943 S.
962 3872 1306 3968 Brigitta,
1354 3897 1532 3945 aevo
1565 3875 1832 3945 seilicet
1868 3872 1918 3943 J
1921 3875 2142 3945 ustini
2178 3875 2489 3946 Minoris
2524 3875 2713 3946 circa
2757 3897 3029 3946 annum
3073 3893 3216 3947 DX.
3269 3875 3471 3948 Sitne

656 4011 880 4082 nepos
917 4011 1007 4060 ex
1042 4011 1253 4060 carne
1287 4013 1381 4060 an
1414 3990 1726 4072 nomine,
1760 4011 1976 4080 penes
2010 3992 2186 4062 alios
2222 3991 2319 4063 sit
2350 3993 2700 4084 quaestio.

1497 4219 1572 4290 S.
1629 4219 2351 4292 CHRISTIANUS.
2457 4223 2631 4292 311.

655 4449 730 4522 S.
799 4449 1391 4535 cnmsrmnus,
1468 4452 1886 4522 monasterii
1962 4450 2339 4524 Scotorum
2411 4452 2505 4523 D.
2577 4450 2628 4521 J
2628 4455 2828 4526 acobi
2915 4456 3220 4551 Majoris
3306 4457 3472 4528 sub-

659 4565 868 4636 urbio
939 4564 1491 4658 Herbipolitano
1559 4566 2087 4648 coenobiarcha,
2152 4568 2485 4660 precibus
2554 4570 2645 4640 ab
2721 4549 3207 4644 Embrichone
3287 4574 3472 4645 Her-

657 4681 1006 4772 bipolensi
1092 4685 1421 4774 episcopo
1514 4682 1852 4766 obtinuit,
1947 4691 2032 4754 ut
2117 4684 2539 4757 coenobium
2636 4686 2818 4756 illud
2901 4688 2979 4756 in
3072 4691 3479 4782 peregrino-

656 4817 818 4868 rum
886 4797 1196 4890 gratiam
1267 4797 1686 4891 erigeretur,
1753 4807 1839 4868 ut
1919 4807 2219 4869 narrant
2300 4801 2548 4872 literae
2624 4799 3069 4872 fundationis
3154 4802 3471 4897 ejusdem
