4384 5817
1921 536 2068 624 xxi

605 750 1304 861 Boncompagnus
1343 748 1436 837 in
1483 745 1836 863 epistola
1881 748 1988 833 ad
2033 744 2483 832 lectoremz
2545 756 2591 799 ‘⁴
2628 746 2879 837 Quod
2914 772 3109 831 vero
3146 774 3381 861 prae-

601 891 936 963 matura
969 890 1242 961 morte
1279 875 1520 963 nobis
1563 889 1900 989 ereptus
1937 874 2084 961 ille
2121 906 2295 961 non
2336 875 2640 989 potuit,
2685 875 2777 960 in
2824 888 3199 961 extrema
3242 878 3379 961 his

602 1006 908 1119 vigiliis
944 1007 1455 1119 imponenda
1489 1033 1769 1106 manu,
1807 1006 1900 1091 in
1936 1005 2351 1106 limandis,
2390 1033 2773 1116 novoque
2813 1034 2917 1089 ex
2956 1006 3257 1089 intima
3293 1017 3381 1090 et

607 1137 1034 1221 recondita
1071 1134 1584 1246 antiquitate
1621 1136 2293 1219 observationum
2330 1135 2705 1219 auctario
2749 1132 3381 1247 locupletandiS,

606 1262 902 1349 sedulo
937 1276 1026 1348 et
1062 1264 1446 1375 gnaviter
1482 1265 1900 1348 desudant
1939 1264 2421 1376 Dempsteri
2461 1262 2701 1364 civeS,
2738 1263 2893 1347 viri
2934 1264 3025 1347 in
3075 1263 3235 1349 hac
3283 1265 3385 1348 li.

606 1407 977 1479 terarum
1017 1392 1432 1505 palaestra
1467 1392 2203 1477 exercitatissimi.’'
2324 1392 2445 1475 Et
2495 1394 2653 1477 sub
2700 1392 2959 1477 finem
3008 1394 3385 1505 ejusdem

605 1521 1052 1637 epistolae:
1116 1534 1161 1573 ‘⁴
1199 1523 1286 1607 Si
1325 1522 1536 1635 quid
1573 1521 1733 1608 hoc
1768 1522 1859 1608 in
1896 1521 2136 1623 libre,
2175 1520 2459 1605 aliisve
2487 1520 2969 1634 Dempsteri
2999 1519 3386 1609 lucubra-

609 1653 1000 1753 tionibuS,
1039 1664 1372 1737 sanctae
1411 1650 1844 1736 Romanae
1897 1649 2310 1751 ecclesiae,
2365 1654 2605 1763 cujus
2658 1649 2805 1734 ille
2854 1652 3385 1750 decretorum

607 1782 823 1871 vixit
857 1793 947 1865 et
981 1794 1368 1865 mortuus
1419 1792 1550 1865 est
1597 1780 2393 1880 observantissimus,
2442 1778 2724 1863 minus
2774 1778 3110 1892 placens
3158 1781 3389 1867 inve-

607 1912 914 2011 nietur,
951 1912 1042 1994 id
1071 1938 1299 1995 omne
1331 1923 1814 2022 eapunctum
1851 1910 1966 1995 iri
1983 1911 2469 2023 pollicentur
2508 1908 2790 1993 Scotiss’
2905 1910 3095 2001 Qua
3130 1912 3389 2021 igitur

608 2040 776 2126 fide
814 2039 1118 2123 versati
1155 2038 1330 2123 sint
1365 2038 1456 2121 in
1494 2035 1658 2121 hoc
1693 2065 1942 2149 opere
1979 2036 2505 2137 absolvendO,
2544 2066 2719 2123 non
2755 2038 2955 2123 satis
2992 2040 3231 2125 nobis
3288 2038 3389 2124 li-

607 2180 836 2280 quet.
959 2166 1426 2252 Lanienam
1489 2166 2038 2251 Parisiensem
2105 2166 2527 2267 detestari,
2588 2167 2937 2251 minime
3018 2170 3389 2254 arriserit

608 2311 652 2349 ‘⁶
687 2298 1068 2409 tyrannis
1103 2294 1492 2394 mitratis,
1527 2294 1828 2395 unctis,
1867 2308 1956 2379 et
1993 2296 2198 2379 rasis
2225 2302 2297 2391 ;”
2356 2323 2552 2380 nam
2591 2296 3211 2409 quinquaginta
3245 2302 3387 2384 ab·

607 2426 809 2511 hinc
871 2426 1114 2511 annis
1181 2424 1644 2508 orationem
1702 2424 2024 2509 Romae
2080 2423 2491 2509 habuerat
2556 2425 2896 2510 Marcus
2955 2427 3381 2513 Antonius

609 2556 1026 2655 Muretus,
1063 2556 1154 2639 in
1193 2581 1362 2665 qua
1395 2552 1650 2639 homo
1689 2552 2377 2667 flagitiosissimus
2426 2566 2599 2638 tam
2650 2554 3239 2641 detestandum
3297 2573 3385 2643 et

513 2770 522 2777 .
611 2683 1070 2771 execrabile
1098 2684 1422 2767 facinus
1453 2710 1778 2767 summe
1805 2680 2312 2767 laudaverat.
2407 2684 2567 2767 Sed
2598 2680 2913 2770 leniore
2942 2684 3377 2799 Dempste-

612 2842 756 2901 rus
794 2813 1154 2925 ingenio,
1193 2812 1709 2895 teterrimam
1748 2811 1966 2895 hanc
2002 2811 2423 2897 lanienam
2474 2814 2938 2899 detestatus
2990 2825 3138 2916 est,
3194 2814 3386 2900 ideo

617 2954 962 3029 notatus
1010 2942 1116 3025 ab
1164 2940 1297 3025 his
1349 2939 1781 3026 Romanae
1832 2942 2108 3025 curiae
2163 2940 2620 3055 mancipiis.
2734 2941 3061 3028 Dabam
3120 2942 3385 3030 Edin·

611 3072 856 3185 burgi
893 3097 1087 3157 non.
1126 3069 1614 3157 Decembris
1652 3098 1874 3157 anno
1915 3098 2465 3157 Mucccxxrx.
