4384 5817
1239 565 1597 636 GENTIS
1643 563 2203 644 scoToRUM,
2253 562 2433 632 LIB.
2481 561 2601 630 1v.
3180 561 3309 624 223

1108 873 1636 946 HENRICUS
1683 872 1827 944 DE
1876 871 2176 944 DOMO
2224 870 2431 942 DEI.
2534 873 2703 948 407.

516 1122 560 1154 ‘⁶
595 1109 1036 1181 HENRICUS
1070 1108 1158 1178 de
1190 1106 1428 1178 Domo
1461 1105 1600 1178 Dei
1625 1105 1944 1190 Scotus,”
1977 1105 2218 1198 inquit
2240 1101 2585 1176 Nicolaus
2610 1101 3031 1174 Paschalius
3054 1098 3307 1170 Alido-

513 1227 685 1307 sius,
719 1236 765 1268 ‘⁸
799 1222 1170 1296 Bononiae
1193 1223 1318 1317 jus
1352 1223 1560 1294 civile
1595 1224 1786 1294 claro
1817 1221 2108 1295 nomine
2151 1230 2229 1293 et
2274 1242 2540 1316 magna
2580 1217 2989 1312 frequentia
3036 1215 3306 1308 profes-

514 1343 699 1414 sus.”
802 1339 1130 1432 Scripsit,
1166 1339 1412 1410 eodem
1447 1346 1758 1422 auctore,

809 1455 1282 1538 Quaestiones
1316 1454 1393 1523 in
1425 1451 1476 1522 J
1477 1475 1608 1524 ure
2296 1452 2423 1524 lib.
2462 1470 2517 1522 1.

805 1570 1098 1643 Glossas
1129 1571 1210 1640 in
1243 1567 1476 1664 Leges
2298 1569 2423 1640 lib.
2463 1586 2515 1639 1.

608 1683 927 1757 Docebat
958 1681 1330 1756 Bononiae
1361 1703 1551 1754 anno
1587 1698 2024 1756 Mccnxxx.

1481 1913 2061 1986 DONALDUS.
2168 1919 2337 1986 408.

514 2149 996 2233 DONALDUS,
1033 2147 1412 2220 Scotorum
1445 2147 1523 2217 in
1568 2145 1665 2216 D.
1699 2143 1751 2216 J
1752 2146 1952 2217 acobi
1997 2147 2304 2242 Majoris
2356 2142 2733 2236 Herbipoli
2776 2144 3307 2228 coenobiarcha,

513 2263 884 2334 ordinatus
915 2265 1010 2335 ab
1039 2261 1344 2334 Alberto
1381 2263 1470 2332 de
1508 2261 1958 2345 Hohenlohe,
2003 2263 2336 2355 episcopo
2374 2259 2903 2353 Herbipolensi.
3006 2259 3310 2353 Scripsit

810 2377 1412 2451 Exhortationem
1448 2380 1541 2451 ad
1574 2377 1789 2448 Cives
1826 2377 2383 2469 Herbipolenses
2783 2377 2912 2448 lib.
2951 2395 3007 2447 1.
3044 2377 3169 2471 qui
3204 2399 3311 2447 re-

906 2496 1346 2566 bellaverant
1411 2494 1504 2565 ab
1573 2493 1905 2586 episcopo
1961 2515 2113 2576 suo,
2180 2493 2306 2563 sed
2364 2496 2583 2588 longo
2656 2492 3048 2564 obsidionis
3124 2495 3314 2563 malo

906 2611 1185 2694 domiti,
1236 2611 1654 2682 interventu
1704 2609 1946 2680 Caroli
1995 2609 2455 2699 imperatoris
2514 2609 2594 2679 in
2650 2607 2962 2705 gratiam
3012 2630 3179 2680 cum
3228 2633 3313 2680 eo

907 2725 1301 2798 redierunt.

609 2839 937 2913 Praefuit
969 2839 1179 2911 annis
1214 2858 1466 2912 xxln.
1515 2862 1706 2912 anno
1743 2856 2295 2914 McchXXXV.
2397 2839 2808 2913 chronicon
2853 2840 3028 2912 dicti
3074 2862 3316 2913 mona-

510 2958 732 3030 sterii.
2234 2975 2243 2988 ·

1598 3187 1951 3261 DAVID.
2055 3193 2226 3268 409.

509 3421 816 3504 Dum,
851 3420 1172 3514 eJusdem
1207 3420 1528 3491 coenobii
1563 3419 1804 3504 abbas,
1835 3419 2177 3492 Thadaeo
2202 3441 2586 3503 successor,
2626 3421 2832 3515 cujus
2858 3422 3043 3494 libro
3069 3439 3311 3493 xvlu.

509 3537 781 3608 mentio
816 3558 859 3607 a
893 3557 1008 3604 me
1039 3533 1253 3618 facta,
1289 3557 1454 3606 cum
1490 3553 1674 3607 VIII.
1711 3535 1920 3606 annis
1953 3536 2475 3608 monasterium
2521 3538 2718 3609 istud
2762 3537 3047 3632 egregie
3090 3539 3315 3609 rexis-

509 3660 640 3734 set,
674 3651 766 3721 ad
802 3649 1330 3722 Ratisbonense
1362 3653 1883 3723 monasterium
1916 3650 2296 3723 Scotorum
2336 3653 2753 3737 translatuS,
2800 3675 3136 3750 magnam
3170 3658 3315 3746 pri·

510 3767 945 3862 vilegiorum
979 3775 1262 3858 partem
1297 3789 1536 3838 secum
1571 3768 2028 3838 transtulisse
2059 3768 2503 3859 perhibetur.
2615 3767 2793 3840 Fuit
2818 3778 3059 3841 autem
3095 3771 3313 3842 abbas

508 3902 811 3953 numero
841 3898 1084 3952 xxm.
1163 3879 1575 3954 chronicon
1606 3883 2002 3954 laudatum.
2079 3882 2271 3978 Ejus
2307 3883 2651 3954 dicuntur
2682 3886 3035 3956 asservari
3070 3885 3315 3956 Ratis-

509 3997 760 4081 bonae,

814 4109 904 4180 In
939 4109 1384 4182 Hieremiam
1420 4110 1937 4184 commentarii
2302 4114 2425 4186 lib.
2466 4132 2518 4185 1.

609 4225 918 4298 Creatus
955 4236 1066 4298 est
1097 4226 1400 4297 antistes
1433 4248 1625 4298 anno
1673 4217 2213 4301 Mccccnxxm
2263 4231 2554 4323 quando
2604 4229 2883 4317 obierit,
2936 4254 3083 4304 non
3126 4255 3316 4306 com-

509 4343 687 4434 peri.

1427 4539 1503 4611 S.
1557 4539 2130 4615 DAMIANUS.
2234 4547 2405 4616 410.

514 4687 588 4758 S.
660 4687 1128 4759 Dammus
1207 4688 1605 4782 presbyter,
1693 4689 2038 4762 Merinati
2122 4691 2405 4764 diaconi
2472 4717 2883 4789 germanus,
2969 4698 3313 4782 Gelasiae,

519 4801 814 4888 Merini,
879 4801 1249 4888 Metinati,
1309 4801 1632 4889 Eusebii,
1694 4805 2112 4890 Thebaculi,
2180 4805 2543 4902 Sylvauei,
2612 4819 2686 4883 et
2743 4811 2984 4898 Nerei,
3044 4824 3318 4886 coaeta-

1855 4925 1902 4992 2
1939 4939 1996 4992 a
