4384 5817
1225 557 1580 631 GENTIS
1629 559 2186 642 SCOTORUM,
2237 555 2419 626 LIB.
2466 557 2598 626 111.
3178 561 3307 630 193

507 757 706 851 regIo
737 753 1088 850 sanguine
1120 760 1478 823 asseveret
1510 760 1753 822 ortum
1783 773 2049 847 magna
2091 774 2177 822 ea
2209 759 2503 842 propter
2532 751 2659 820 illo
2690 749 2769 820 in
2802 770 3029 844 regno
3060 761 3303 822 aucto-

509 872 724 942 ritate
758 870 1094 964 viguisse.
1127 865 1730 959 Archiepiscopus
1762 867 2075 960 primum
2110 865 2603 937 Dubliniensis
2636 865 2716 936 in
2752 863 3128 949 Hibernia,
3178 866 3304 937 ubi

510 986 874 1058 ecelesiam
906 983 1005 1055 D.
1039 982 1356 1053 Patricio
1389 983 1814 1068 construxit,
1859 991 1946 1053 ut
1990 982 2257 1055 habent
2298 982 2591 1052 annales
2636 980 3057 1065 Hibernici3
3110 991 3305 1072 post-
3386 1009 3391 1014 ·

509 1124 594 1171 ea
625 1123 670 1170 a
703 1097 931 1172 Lucio
970 1096 1304 1192 pontifice
1347 1097 1648 1170 Velitris
1693 1097 2072 1170 cardinalis
2115 1103 2423 1180 creatur,
2468 1104 2555 1166 ut
2595 1093 2874 1166 Giraldi
2916 1094 3305 1168 Cambren-

507 1217 608 1286 sis
659 1215 1086 1288 auctoritate
1132 1215 1412 1306 liquet3
1474 1212 1876 1297 ciaconius,
1927 1211 2375 1304 Onuphrius,
2433 1219 2509 1282 et
2566 1211 2691 1282 alii
2748 1213 3023 1284 nullam
3078 1211 3307 1285 fecere

507 1331 946 1403 mentionem
975 1331 1158 1425 ejus.
1260 1329 1560 1422 Scripsit
1591 1329 1885 1402 indubie
1915 1330 2190 1400 multa:
2242 1348 2376 1423 ego
2408 1326 2585 1410 vidi,
2621 1328 2701 1397 in
2732 1327 3023 1399 laudata
3056 1326 3309 1399 biblio-

509 1445 738 1530 theca,

803 1551 1174 1654 Epistolas
1208 1563 1300 1632 ad
1333 1559 1714 1632 Pontifices
2395 1558 2520 1662 lib:
2557 1575 2610 1628 1.

804 1673 1171 1769 Epistolas
1203 1677 1298 1748 ad
1329 1677 1568 1748 varios
2402 1673 2525 1746 lib.
2564 1692 2617 1743 1.

609 1791 1082 1864 consecratus
1125 1793 1207 1864 in
1251 1793 1688 1864 sacerdotem
1731 1791 2031 1866 Velitris
2077 1814 2124 1862 a
2165 1789 2396 1861 Lucio
2430 1787 2573 1861 111.
2610 1807 2800 1858 1111.
2844 1792 2976 1862 cal.
3024 1789 3303 1883 Aprilis

513 1929 700 1979 anno
737 1924 1196 1979 Mchxxn.
1246 1907 1620 1980 Hoveden.
1669 1930 1834 2003 pag.
1873 1925 2136 1980 eccm.
2185 1905 2493 1977 Creatus
2538 1914 2650 1976 est
2694 1903 2769 1974 S.
2807 1904 2900 1976 R.
2938 1905 3031 1976 Ε.
3082 1909 3310 1980 cardi-

513 2025 695 2096 nalis
773 2023 1152 2116 presbyter
1223 2045 1416 2094 anno
1481 2026 1694 2096 salut.
1767 2039 2260 2095 Mchxxul.
2328 2020 2424 2093 ab
2488 2021 2784 2092 ecclesia
2849 2045 2982 2094 sua
3056 2026 3307 2116 pulsus

516 2155 898 2212 mcxcvn.
957 2138 1226 2234 Roget.
1281 2138 1372 2210 de
1430 2137 1781 2210 Hoveden
1835 2137 2104 2210 Annal.
2164 2146 2354 2229 part.
2417 2153 2507 2208 11.
2563 2158 2730 2232 pag.
2790 2155 3304 2210 ccccxxmx.

515 2254 718 2326 Obiit
762 2275 880 2327 an.
919 2269 1244 2325 nccxn.
1295 2256 1626 2346 sepultus
1654 2253 2007 2325 Dublinii.
2062 2253 2339 2324 Putant
2378 2250 2723 2338 Dublani,
2772 2275 2921 2326 non
2951 2253 3306 2338 Dublinii,

1260 2599 1310 2670 J
1309 2597 1714 2672 ACOBUS
1761 2584 2197 2672 cADANU
2197 2599 2273 2671 S.
2376 2604 2548 2679 849.

397 2843 400 2848 ’
512 2833 876 2905 ΙΑοοΒσε
926 2832 1285 2918 Gadanus,
1343 2854 1473 2905 seu
1527 2831 1700 2915 Kid,
1750 2833 2068 2905 honestis
2125 2831 2367 2904 Alecti
2420 2840 2637 2904 natus
2694 2832 3137 2925 parentibuS,
3198 2836 3313 2906 vir
3458 2895 3467 2904 .

510 2951 962 3046 prodigiosae
1003 2949 1412 3032 memoriae,
1460 2968 1542 3019 ac
1587 2946 1908 3020 infinitae
1951 2947 2562 3041 inexhaustaeque
2604 2949 2950 3034 lectionis,
3006 2959 3313 3044 utraque

511 3065 766 3162 lingua
795 3084 1016 3156 supra
1044 3063 1184 3134 hoe
1215 3065 1534 3134 seculum
1565 3061 1939 3145 facundus,
1982 3085 2150 3134 rara
2189 3065 2461 3159 ingenii
2508 3063 2849 3136 felicitate
2882 3086 3013 3136 nec
3045 3067 3305 3136 minori

512 3187 844 3254 successu
866 3181 1014 3275 jus.
1027 3179 1310 3272 publice
1343 3176 1649 3249 Tolosae
1681 3176 2067 3270 professus,
2111 3201 2276 3250 cum
2320 3180 2727 3251 adolescens
2772 3181 3107 3252 Lutetiae
3152 3181 3310 3273 phi-

512 3296 910 3388 losophiam
945 3304 1018 3366 et
1047 3295 1296 3365 literas
1329 3293 1789 3364 humaniores
1823 3293 2204 3376 docuisset,
2242 3296 2629 3390 ingentem,
2662 3305 2737 3367 et
2760 3295 3045 3390 magnis
3072 3317 3311 3387 sump-

513 3411 730 3494 tibus,
767 3433 897 3482 nec
937 3409 1200 3481 minori
1238 3407 1515 3502 judicio
1559 3417 2066 3501 comparatam,
2112 3409 2611 3480 bibliothecam
2646 3412 2959 3482 moriens
2992 3410 3305 3494 dimisit3

513 3547 748 3597 sacms
805 3525 1080 3597 codices
1130 3522 1474 3595 fratribus
1524 3522 2105 3619 Augustinianis,
2146 3524 2497 3618 juridicos
2556 3523 2649 3595 D.
2708 3525 3147 3606 Tarrabello,
3201 3549 3308 3596 re-

513 3640 748 3733 liquos
781 3640 874 3713 D.
914 3639 1145 3712 Reido
1178 3639 1320 3709 civi
1356 3652 1509 3723 suo,
1545 3647 1976 3711 testamento
2005 3639 2441 3731 relinquens.
2535 3637 2723 3733 Ejus
2758 3649 2979 3711 sunt:

807 3754 896 3827 In
928 3755 1107 3826 Jure
1141 3753 1358 3826 Civili
1391 3757 1736 3827 nonnulla
2398 3753 2523 3826 lib.
2562 3771 2614 3824 1.

811 3868 1156 3942 Poemata
1187 3871 1388 3941 varia
2399 3868 2523 3940 lib.
2562 3887 2613 3938 1.

805 3983 1180 4077 Epistulae
2402 3986 2527 4057 lib.
2563 4003 2615 4054 1.

609 4101 816 4174 Obiit
849 4097 1162 4172 Tolosae
1187 4123 1377 4172 anno
1417 4109 1751 4172 Mncxn.

1184 4331 1234 4401 J
1231 4331 1634 4404 ACOBUS
1683 4329 2338 4403 CHEYNAEUS.
2438 4337 2615 4404 350.

507 4562 556 4631 J
557 4574 872 4633 acolius
938 4560 1384 4656 Cheynaeus,
1453 4561 1676 4634 nobili
1741 4561 2020 4634 familia
2091 4562 2443 4659 Arnagia,
2509 4585 2733 4657 prope
2790 4564 3298 4652 Abel-doniam,

511 4677 884 4761 oriundus,
943 4677 1246 4749 Parisiis
1304 4679 1550 4752 docuit
1605 4677 1682 4749 in
1745 4677 2184 4762 Barbarano,
2245 4688 2451 4751 tanto
2507 4683 2857 4773 applausu
2910 4691 2995 4752 ut
3046 4684 3301 4754 unicus

511 4790 894 4864 haberetur
941 4794 1068 4884 qui
1132 4793 1324 4865 inter
1381 4795 1728 4866 seculares
1777 4795 2158 4880 societatis,
2209 4796 2536 4888 patribus
2596 4806 2753 4869 tum
2814 4799 3125 4870 maxime
3175 4797 3302 4869 flo-
