4384 5817
1244 577 1601 647 GENTIS
1648 576 2212 658 SCOTORUM,
2257 575 2440 646 LIB.
2483 575 2641 644 vn.
3226 579 3354 642 311

1542 885 1615 960 S.
1671 881 2093 961 GOLGUS.
2199 891 2298 966 57
2300 890 2366 958 8.

548 1121 621 1192 S.
651 1119 1009 1204 GOLGUS,
1038 1120 1152 1192 vir
1178 1121 1577 1217 religiosus,
1606 1122 1999 1215 discipulus
2026 1120 2100 1192 S.
2129 1118 2543 1206 Columbae,
2571 1143 2652 1192 ac
2679 1118 3092 1190 monachus.
3195 1117 3351 1188 Me-

548 1237 763 1308 minit
819 1236 895 1310 S.
946 1235 1423 1309 Adamannus
1473 1237 1597 1309 lib.
1656 1255 1779 1309 111.
1830 1239 1919 1310 de
1967 1236 2145 1309 Vita
2197 1235 2270 1306 S.
2327 1235 2716 1308 Columbae
2763 1259 2930 1331 pag.
2985 1251 3222 1306 XXIV.
3277 1243 3353 1306 et

548 1353 672 1424 lib.
712 1371 766 1425 1.
798 1353 905 1428 ait
938 1377 1013 1426 se
1046 1355 1136 1424 de
1168 1355 1295 1424 illo
1327 1353 1759 1425 mentionem
1795 1353 2089 1435 fecisse;
2128 1353 2254 1422 sed
2286 1351 2742 1437 interierunt,
2775 1363 2862 1422 ut
2893 1360 3092 1444 pute,
3132 1373 3348 1442 quae-

549 1471 715 1541 dam
748 1469 943 1541 illius
980 1471 1238 1562 operiS,
1272 1463 1729 1562 nequeenim
1762 1471 1914 1540 ulla
1944 1469 2035 1538 de
2060 1466 2302 1562 -Golgo
2333 1469 2570 1559 primo
2602 1467 2790 1538 libro
2835 1466 3057 1538 verba
3105 1467 3186 1537 in
3232 1488 3350 1536 co-

548 1583 823 1658 dicibus
856 1585 983 1678 qui
1018 1594 1291 1668 extant,
1327 1606 1458 1656 nec
1490 1585 1673 1656 alius
1707 1585 2091 1678 quispiam,
2124 1585 2323 1678 quod
2368 1585 2611 1667 sciam,
2661 1584 3016 1656 meminit.
3123 1581 3348 1654 Puta-

550 1712 673 1771 tur
703 1702 961 1774 alicubi
994 1702 1509 1772 monasterium
1544 1701 1735 1792 apud
1770 1699 2015 1772 Pictos
2048 1701 2340 1772 rexisse.
2445 1699 2750 1792 Scripsit

846 1819 1201 1890 Miracula
1235 1817 1623 1888 Columbae
1656 1817 1987 1912 magistri
2431 1816 2558 1888 lib.
2600 1835 2652 1888 1.

647 1933 857 2006 Vixit
890 1955 1081 2006 anno
1114 1949 1339 2004 ncvl.

1372 2164 1447 2236 S.
1501 2163 2229 2239 GEREBERNUS.
2337 2172 2508 2248 579.

550 2399 621 2468 S.
662 2395 1229 2470 GEREBERNUS
1280 2397 1558 2482 Scotus,
1602 2399 1677 2470 S.
1722 2397 2003 2493 Asaphi
2056 2401 2251 2472 Scoti
2295 2401 2690 2492 discipulus
2741 2404 2818 2472 in
2871 2411 3192 2473 extrema
3241 2423 3347 2472 se-

546 2523 772 2596 necta,
808 2537 891 2584 ac
922 2513 997 2586 S.
1036 2513 1325 2586 Philani
1360 2515 1617 2598 sociuS,
1651 2515 2031 2608 presbyter
2062 2517 2256 2588 vitae
2283 2519 2882 2614 religiosissimae,
2909 2525 2993 2588 ut
3021 2518 3346 2609 loquitur

550 2631 700 2700 vita
732 2629 805 2701 S.
845 2629 1135 2701 Philani
1170 2631 1246 2700 in
1282 2630 1831 2713 Scoticbronico,
1871 2641 1943 2701 et
1978 2633 2438 2704 Breviarium
2471 2633 3032 2706 Dumblanense.
3135 2633 3344 2703 More

548 2748 612 2816 ei
648 2750 885 2818 seculo
920 2748 1189 2818 usitato
1223 2748 1534 2838 patriam
1582 2770 1743 2817 cum
1796 2750 2146 2843 magistro
2198 2750 2274 2818 in
2311 2748 2654 2836 Walliam
2699 2751 3131 2842 relinquens,
3183 2770 3349 2840 pro-

548 2862 775 2934 fectus
825 2862 993 2932 inde
1036 2863 1114 2932 in
1154 2845 1605 2946 Hiberniam,
1636 2863 1765 2934 ubi
1799 2865 2033 2959 reguli
2068 2864 2264 2936 illius
2297 2864 2519 2935 filiam
2553 2865 2970 2958 Dympnam
3007 2867 3090 2936 ad
3131 2862 3344 2935 fidem

552 2979 926 3060 convertit,
963 2987 1035 3049 et
1070 2979 1159 3049 ad
1194 2979 1637 3072 virginitatis
1671 2987 2018 3070 perpetuo
2063 2982 2592 3052 conservandae
2635 2992 2886 3052 votum
2937 2980 3341 3052 faciendum

555 3094 889 3178 induxit;
942 3103 1016 3166 et
1048 3115 1211 3166 cum
1247 3115 1331 3165 ea
1362 3095 1819 3186 postmodum
1856 3097 1945 3165 ad
1979 3096 2350 3168 libidinem
2385 3096 2477 3167 ab
2509 3098 2912 3169 incestuoso
2956 3105 3164 3189 patre
3209 3117 3344 3168 suo

554 3212 823 3282 carnali
880 3222 955 3283 et
1010 3211 1389 3281 idololatra
1442 3210 1749 3282 invitata
1806 3219 2012 3293 esset,
2070 3212 2300 3282 suasit
2351 3211 2841 3284 sanctissimae
2899 3203 3167 3308 virg'ini
3233 3236 3344 3282 so-

550 3331 701 3397 lum
736 3334 1089 3398 verteret:
1142 3325 1267 3396 illa
1300 3334 1372 3396 et
1406 3327 1747 3417 puritatis
1781 3327 2082 3411 conscia,
2117 3334 2190 3397 et
2231 3325 2548 3397 furorem
2583 3327 2848 3398 ethnici
2886 3328 3227 3410 vitatura,
3265 3329 3344 3398 in

548 3442 861 3514 Scotiam
894 3442 1203 3537 trajecit,
1242 3451 1315 3514 et
1351 3443 1444 3514 ad
1476 3443 1722 3514 cellam
1762 3442 1833 3513 S.
1873 3441 2159 3512 Philani
2198 3443 2278 3513 in
2310 3439 2638 3536 Argadia
2670 3445 2919 3528 latuit3
2959 3447 3082 3516 sed
3121 3444 3343 3515 idolo-

547 3562 733 3630 latra
764 3559 1208 3650 insequente,
1242 3559 1487 3630 eodem
1524 3581 1657 3630 suo
1690 3560 1949 3631 comite
1982 3581 2065 3628 ac
2110 3559 2463 3653 magistro
2507 3557 2582 3628 S.
2622 3558 3030 3631 Gereberno
3063 3562 3142 3631 in
3175 3559 3338 3631 Bel·

545 3677 749 3769 gium
784 3673 1270 3770 abnavigavit,
1314 3673 1441 3744 ubi
1474 3675 1763 3745 tandem
1801 3697 1963 3744 cum
1999 3699 2081 3745 eo
2132 3673 2428 3745 Christo
2459 3673 2833 3747 immolata
2879 3698 3010 3768 per
3059 3685 3338 3768 patrem

546 3793 748 3863 illum
785 3813 1022 3873 suum,
1057 3789 1409 3861 idolorum
1447 3793 1817 3876 cultorem,
1848 3799 1920 3862 et
1946 3792 2111 3885 igue
2138 3789 2449 3862 nefando
2481 3791 2944 3882 prurientem.
2975 3791 3340 3884 Martyro-

547 3911 690 4002 log.
728 3904 1035 3977 Roman.
1074 3924 1215 3977 XV.
1252 3905 1457 3989 Maii,
1494 3905 1757 3978 Petrus
1792 3905 2326 3978 Cameracensis
2361 3908 2632 3978 relatus
2664 3929 2711 3978 a
2740 3906 2954 3979 Surio
2997 3916 3172 3980 tom.
3215 3925 3336 3978 111.

544 4037 709 4115 post
740 4022 935 4093 hunc
970 4019 1307 4093 Molanus
1342 4021 1417 4090 in
1452 4019 1528 4090 N
1528 4022 1771 4094 atalib.
1808 4021 1931 4093 SS.
1971 4021 2256 4116 Belgii;
2313 4043 2402 4092 ex
2433 4021 2698 4115 quibus
2742 4024 3073 4095 omnibus
3107 4025 3336 4121 liquet

553 4138 1011 4210 Hirlandiam
1044 4146 1240 4220 tunc,
1274 4160 1402 4208 seu
1439 4135 1891 4222 Hiberniam,
1934 4155 2055 4209 ce.
2092 4159 2318 4210 annos
2351 4148 2517 4230 post
2550 4137 2626 4209 S.
2663 4138 3060 4210 Patricium
3093 4138 3340 4212 infide·

548 4258 687 4326 lem
722 4253 1220 4346 permansisse,
1254 4255 1570 4345 adeoque
1602 4254 1944 4349 regulos
1922 4276 2115 4345 ipsos
2150 4255 2360 4325 idolis
2393 4254 2821 4326 immolasse.
2911 4255 3048 4327 Sed
3085 4256 3178 4326 ad
3205 4253 3342 4327 Ge-

546 4369 925 4441 rebernum
958 4369 1191 4451 redeo,
1224 4368 1351 4460 qui
1385 4389 1546 4438 cum
1582 4368 1931 4461 discipula
1964 4393 2095 4442 sua
2136 4370 2216 4441 in
2259 4369 2660 4442 Brabantia
2703 4373 3133 4496 martyrium
3181 4395 3338 4464 per-

546 4506 815 4576 pessuS,
850 4505 1017 4554 cum
1051 4484 1297 4554 eadem
1333 4483 1599 4555 meruit
1632 4485 2029 4575 praemium
2064 4486 2388 4558 coeleste.
2492 4483 2797 4579 Scripsit

843 4598 963 4668 Ad
1000 4597 1421 4692 Dympnam
1457 4599 1997 4672 Institutionem
2521 4602 2646 4674 lib.
2685 4621 2738 4674 1.

842 4713 988 4805 Pro
1022 4739 1197 4788 vero
1232 4714 1370 4788 Dei
1406 4715 1629 4788 Cultu
2525 4720 2648 4792 lib.
2687 4739 2738 4789 1.

1823 4837 1868 4902 2
1903 4851 1953 4903 'r
