4384 5817
1902 544 1989 629 xi

566 756 841 869 Episc-
892 784 1215 841 ccnvu.
1264 754 1635 839 Abhates
1684 764 1925 839 extra
1964 754 2328 840 Scotiam
2377 784 2648 839 cxcu.
2699 752 3340 840 Academiarum

566 886 1091 971 Fundatores
1130 912 1289 969 xu.
1341 884 1499 969 viri
1550 883 1781 971 domi
1830 894 1919 967 et
1964 894 2146 971 tota
2199 884 2506 995 passim
2563 884 2908 995 Europa
2957 886 3336 977 omnium

564 1015 1105 1111 scientiarum
1126 1040 1433 1124 genere
1456 1011 2019 1099 illustrissimi.
2080 1012 2512 1101 Haeretici
2538 1012 2877 1124 pauculi
2901 1014 3342 1097 confutan-

560 1158 730 1229 tur.
842 1144 983 1229 Ex
1020 1142 1195 1229 suis
1244 1142 1817 1228 Historiarum
1866 1138 2011 1225 lib.
2048 1168 2236 1225 xrx.
2285 1141 2769 1253 excerpsit.”
2883 1142 3338 1241 Bononiae,

568 1275 805 1371 1622,
842 1279 1015 1357 4to.
2955 1350 2964 1359 .

666 1400 988 1513 Aliquo
1024 1411 1309 1485 tamen
1348 1424 1701 1487 numero
1745 1410 1877 1486 est
1924 1397 2408 1511 Dempsteri
2463 1398 2843 1483 Historia
2892 1399 3342 1488 Ecclesias-

562 1531 725 1615 tica
761 1528 1065 1615 Gentis
1100 1529 1565 1629 Scotorum,
1600 1528 1775 1613 sive
1810 1526 2115 1639 potius,
2160 1528 2270 1611 de
2319 1528 2876 1639 scriptoribus
2923 1530 3192 1615 Scotis
3240 1530 3342 1613 li-

560 1660 687 1752 bri
752 1658 1313 1769 undeviginti.
1378 1734 1387 1745 .
1428 1656 1627 1743 Non
1692 1668 1823 1741 est
1880 1656 2258 1767 profecto
2316 1654 2686 1757 historia,
2745 1659 2892 1743 sed
2946 1658 3342 1748 historica

558 1788 1027 1899 fragmenta
1064 1785 1685 1899 quamplurima
1722 1786 2124 1883 continet,
2163 1785 2444 1869 omnia
2482 1814 2678 1871 vero
2715 1788 2826 1873 ad
2853 1816 2984 1877 res
3011 1788 3342 1875 ecclesi-

560 1919 855 2005 asticas
888 1916 1241 2001 minime
1276 1915 1760 2027 spectantia.
1876 1914 2053 1999 Res
2086 1927 2384 2025 gestas
2427 1913 2562 1999 vel
2617 1916 2916 2003 saltem
2975 1921 3334 2017 nomina,

560 2045 791 2133 mille
848 2057 941 2133 et
1002 2047 1587 2144 ducentorum,
1650 2044 1721 2127 si
1780 2043 1942 2128 diis
2007 2042 2306 2154 placet,
2363 2045 2888 2156 scriptorum,
2941 2062 3336 2138 recenset.

560 2178 998 2261 Scotorum
1030 2173 1523 2285 complures,
1560 2172 1631 2256 si
1668 2172 1879 2255 fides
1916 2172 2424 2283 Dempstero
2459 2174 2866 2275 habenda,
2915 2176 3190 2264 multa
3239 2175 3340 2261 li-

564 2305 763 2389 teris
797 2304 1316 2389 mandarunt
1352 2301 1767 2387 sexcentis
1804 2300 2067 2383 ferme
2105 2300 2350 2385 annis
2385 2312 2584 2387 ante
2621 2301 2910 2389 literas
2947 2306 3040 2389 in
3075 2308 3340 2391 Scoti-

562 2462 697 2517 am
732 2434 1123 2519 invectas.
1242 2430 1595 2542 Nempe,
1644 2458 1795 2513 rex
1844 2430 2212 2539 optimus
2265 2431 2734 2541 Fergusius
2785 2449 3340 2546 cognomento

564 2560 951 2662 IllustriS,
992 2562 1151 2673 qui
1204 2560 1431 2645 diem
1480 2556 1693 2646 obiit
1744 2584 2236 2670 supremum
2291 2588 2518 2645 anno
2565 2574 2764 2645 ante
2819 2562 3138 2649 Christi
3193 2566 3338 2649 ad-

562 2704 915 2778 ventum
948 2699 1139 2791 318,
1190 2700 1237 2739 ‘⁴
1270 2716 1445 2800 quo
1480 2687 1823 2774 firmum
1876 2698 2116 2787 esset,
2164 2699 2256 2772 et
2309 2691 2916 2777 successoribus
2963 2692 3338 2779 validum

563 2821 1029 2933 imperium,
1104 2819 1377 2903 edidit
1452 2816 1723 2928 Leges
1818 2815 2286 2902 Politicasss’
2439 2818 2560 2902 Et
2653 2832 2698 2871 ‘⁶
2763 2821 3338 2910 Bundevicam

562 2950 1011 3063 quandam,
1044 2946 1507 3035 Amazonio
1544 2946 1721 3029 ritu
1756 2944 2260 3045 bellicosam,
2316 2946 2540 3033 inter
2591 2962 3004 3036 nostrates
3059 2954 3340 3038 erudi-

562 3079 793 3163 tione
850 3088 939 3175 et
1002 3077 1332 3188 scriptis
1393 3075 1767 3187 insignes
1830 3074 2234 3161 referunt.
2350 3076 2586 3161 Haec
2633 3080 3070 3163 Scotorum
3123 3084 3340 3194 regis

561 3204 761 3308 filia,
796 3207 1425 3305 Britannorum,
1462 3204 1615 3316 qui
1652 3232 1885 3289 nunc
1920 3215 2125 3288 sunt
2166 3201 2452 3316 Angli,
2487 3206 2796 3315 regina,
2835 3207 3110 3293 multa
3145 3238 3340 3297 con-

562 3350 693 3421 tra
731 3336 1159 3421 Romanos
1196 3347 1538 3419 strenue
1572 3334 1851 3444 gessit,
1886 3330 2470 3444 coloniamque
2519 3333 2855 3423 delevit.
2972 3338 3340 3441 Tacitus,

562 3464 749 3565 Dio,
810 3462 1323 3576 xiphilinus
1438 3463 1717 3553 Quam
1772 3461 2191 3575 scripsisse
2244 3461 2548 3547 volunt
2607 3466 2857 3567 varia,
2907 3480 2996 3553 et
3050 3470 3142 3553 in
3202 3470 3346 3555 his

558 3594 1037 3679 conciones.
1083 3590 1501 3679 Militares
1558 3589 1775 3675 libro
1824 3595 2071 3689 uno,”
2124 3589 2500 3703 aliosque
2556 3593 2938 3706 quinque
2988 3596 3336 3698 libellos,

560 3750 925 3832 quorum
964 3720 1317 3807 ultimus
1354 3733 1485 3807 est
1502 3722 1629 3806 de
1680 3720 2055 3805 exercitu
2104 3720 2474 3832 pedestri
2529 3723 2938 3811 ducend0.
3053 3727 3337 3827 Bardi,

558 3856 801 3935 vates
826 3850 1415 3962 antiquissimi,
1476 3860 1521 3902 ‘⁶
1558 3850 2077 3961 scripserunt
2130 3850 2526 3935 Carmina
2575 3854 2803 3937 varia
2852 3854 2994 3940 lib.
3047 3856 3102 3941 i.
3162 3858 3337 3947 He·-

558 4006 807 4066 roum
842 3980 1179 4065 Laudes
1214 3978 1361 4065 lib.
1404 3980 1457 4063 i.
1506 3978 1617 4063 de
1654 3978 2196 4063 Fortitudine
2239 3976 2540 4065 bellica
2597 3980 2932 4069 Patriae
2977 3986 3332 4073 Caritati

558 4109 851 4194 debita
886 4108 1347 4217 (Lucanus)
1388 4107 1536 4193 lib.
1567 4109 1621 4191 i.
1710 4106 2230 4193 Floruerunt
2265 4136 2531 4220 paene
2560 4140 2610 4196 a
2635 4114 3332 4226 condito'regnol’.

562 4236 895 4337 Culdei,
944 4237 1411 4323 sacerdotes
1468 4235 2051 4347 antiquissimi,
2100 4248 2145 4289 “
2180 4239 2694 4351 scripserunt
2741 4244 3332 4331 Institutiones

558 4366 675 4451 ad
698 4364 1043 4451 Clerum
1070 4378 1160 4451 et
1186 4363 1611 4477 Populum
1642 4366 2061 4449 Scoticum'
2088 4366 2234 4451 lib.
2271 4368 2324 4453 i.
2411 4368 2926 4462 Floruerunt
2953 4376 3058 4457 ab
3085 4374 3340 4459 initio·

560 4494 761 4579 fidei
800 4522 851 4577 a
886 4495 1165 4601 Scotis,
1178 4501 1632 4605 receptae.”
1712 4494 1927 4577 Tam
1956 4509 2528 4607 portentosam
2555 4500 2712 4583 sibi
2741 4500 3332 4590 bibliothecam

562 4624 1111 4709 adornaverat
1166 4622 1537 4709 Thomas
1592 4621 1741 4709 ille
1790 4636 2121 4722 noster;
2190 4638 2742 4712 veruntamen
2793 4633 3334 4743 quotusquis-

564 4780 731 4861 que
776 4751 1183 4841 libror'um
1230 4780 1337 4841 ex
1386 4752 1545 4842 hac
1598 4751 2063 4841 lautissima
2108 4754 2631 4868 supellectile
2667 4762 2844 4871 jam
2889 4774 3271 4873 superest
3294 4768 3332 4845 ’ἓ
