4384 5817
93 5240 101 5422 ———-—-r

1229 525 1586 595 GENTIS
1634 522 2192 604 sco'roRUM,
2238 521 2423 592 LIB.
2470 519 2603 590 111.
3186 523 3313 588 143

513 720 700 814 quod
757 741 846 790 ea
889 725 1121 790 aetate
1169 716 1840 797 eminentissimum,
1889 713 2254 786 Druidum
2295 715 2623 807 princeps
2685 737 2724 784 e
2774 711 3306 784 Benochorensi

513 835 852 907 coenobio
886 835 964 905 in
997 830 1501 926 Burgundiam
1535 829 1918 922 profectus,
1943 832 2457 901 monasterium
2484 828 2941 900 Luxoviense
2968 827 3307 898 condidit.

511 950 606 1022 D.
641 950 1085 1029 Bernartius,
1118 947 1273 1018 Vit.
1311 943 1384 1014 S.
1421 944 1864 1016 Malachiaez
1911 954 1958 987 “
1989 944 2112 1015 Ad
2144 945 2277 1016 has
2310 959 2593 1016 nostras
2628 941 3029 1014 Gallicanas
3070 951 3309 1034 partes

513 1067 898 1138 ascendens
948 1062 1022 1133 S.
1061 1061 1550 1134 columbanus
1595 1058 2038 1130 Lexoviense
2087 1061 2488 1132 construxit
2536 1061 3131 1144 monasterium;'’
3186 1058 3313 1146 sed
3424 1065 3431 1072 ’

509 1181 893 1276 legendum
927 1185 1038 1250 est
1076 1171 1558 1248 monime.
1628 1173 1830 1244 Beda
1861 1175 1938 1244 in
1965 1173 2142 1246 Vita
2165 1175 2239 1244 S.
2264 1173 2637 1246 Eustathii
2662 1197 2815 1266 cap.
2852 1193 2905 1244 1.
2934 1175 3115 1246 etin
3136 1173 3313 1245 Vita

515 1296 584 1368 S.
647 1294 945 1368 Attalae
999 1313 1154 1384 cap.
1201 1309 1256 1362 1.
1307 1299 1382 1361 et
1431 1291 1519 1360 de
1564 1288 2093 1360 Benochorensi
2144 1289 2483 1360 coenobio
2535 1287 2628 1360 D.
2682 1287 3097 1362 Bernardus
3152 1289 3311 1360 fuse

511 1413 664 1482 loco
745 1409 1060 1480 laudato.
1187 1405 1716 1477 Theodericum
1781 1403 2331 1476 Austrasiorum
2398 1425 2641 1498 regem
2722 1406 2937 1495 paulo
3018 1405 3312 1476 liberius

511 1547 733 1618 quam
765 1546 900 1616 par
931 1532 1086 1594 erat
1117 1522 1408 1613 carpsit,
1441 1543 1586 1612 quo
1621 1520 1908 1590 nomine
1941 1521 2020 1590 in
2055 1520 2353 1590 exilium
2386 1529 2497 1591 est
2530 1529 2753 1590 actua.
2861 1518 3313 1592 Trithemius

511 1663 677 1712 eum
731 1642 810 1710 in
866 1635 1274 1710 Annalibus
1343 1635 1786 1706 Francorum
1851 1633 2329 1726 reprehendit,
2388 1635 2583 1727 quod
2640 1634 2920 1706 Pascha
2988 1634 3313 1730 Congelli

513 1757 684 1837 ritu,
742 1753 878 1825 hoc
937 1762 1069 1834 est,
1127 1750 1454 1822 Asiatico
1507 1771 1728 1834 more,
1779 1749 2209 1834 celebraret3
2260 1751 2455 1841 quod
2502 1753 2581 1821 in
2630 1773 2715 1821 eo
2764 1761 3059 1822 excusat
3108 1750 3309 1823 Beda

512 1875 666 1942 loco
697 1869 1024 1961 proxime
1057 1867 1376 1939 laudato.
1481 1864 1932 1936 “Per-missu
1965 1863 2395 1935 Theoderici
2428 1866 2619 1960 regis
2659 1865 3080 1936 coenobium
3118 1865 3317 1936 Lux·

513 1987 762 2057 ovium
806 1983 1174 2055 aedificare
1218 1981 1514 2073 coepit,”
1555 1981 1660 2052 ait
1703 1978 2052 2074 Sigebert.
2105 1978 2687 2052 Gemblacensis
2666 2001 2745 2051 m
2779 1979 3187 2066 Chronico;
3240 1992 3313 2054 et

512 2111 678 2194 post
709 2099 804 2171 ab
849 2100 1094 2170 eodem
1127 2119 1321 2192 rege,
1357 2104 1402 2137 “
1435 2097 1786 2167 instinctu
1819 2093 2311 2167 Brunichildis'
2343 2094 2601 2181 Aviae,
2652 2096 3036 2188 expellitur
3087 2096 3317 2170 Fran-

513 2218 646 2300 cia,
697 2217 826 2308 qui
877 2223 1062 2308 post,
1115 2213 1364 2284 relicto
1415 2213 1765 2302 discipulo
1814 2233 1948 2282 suo
2001 2211 2209 2282 Gallo
2260 2212 2341 2282 in
2392 2211 2847 2295 Alemannia,
2898 2213 3315 2284 coenobium

514 2331 830 2403 Bobium
879 2329 1285 2402 construxit
1334 2329 1411 2399 in
1464 2327 1740 2411 Italia‚”
1789 2335 1876 2398 ut
1924 2328 2245 2418 loquitur
2298 2326 2488 2397 idem
2544 2325 2982 2421 Sigebertus.
3044 2328 3313 2402 Matth.

514 2447 1032 2518 westmonast.
1091 2453 1138 2486 ‘⁶
1173 2443 1684 2526 columbanus,
1719 2443 1968 2512 doctor
1999 2441 2375 2514 Scotorum
2420 2450 2493 2513 et
2551 2439 2935 2526 Pictorum,
2985 2446 3110 2537 qui
3164 2447 3315 2516 suis

515 2562 822 2655 posteris
867 2561 1098 2631 multa
1143 2559 1436 2652 pietatis
1487 2559 1778 2650 reliquit
1828 2558 2315 2629 documenta.”
2416 2554 2888 2629 Celebrarunt
2938 2581 3102 2630 eum
3143 2559 3319 2632 Wa-

517 2677 842 2759 laffidus‚
909 2673 1303 2758 Wettinus,
1371 2673 1790 2764 RatpertuS,
1861 2672 2355 2763 Hepidannus,
2416 2684 2491 2744 et
2558 2671 3047 2745 Herimannus
3126 2676 3321 2768 apud

521 2792 986 2865 Melchiorem
1043 2787 1650 2860 Heiminsfeldum
1713 2787 2139 2858 Goldastum
2196 2787 2389 2868 notis
2448 2788 2537 2858 ad
2599 2787 3077 2882 Panegyricos
3146 2800 3309 2862 octo

521 2917 820 2979 veteres.
947 2903 1320 2976 Notkerus
1380 2903 1730 2976 Balbulus
1798 2905 1874 2974 in
1940 2901 2512 2997 Martyrologio:
2624 2912 2666 2944 ‘⁸
2735 2903 2827 2974 In
2882 2903 3143 2988 Scotia,
3205 2909 3314 2978 in-

517 3023 676 3094 sula
709 3021 1014 3092 Hibern.
1060 3020 1414 3111 depositio
1462 3017 1536 3088 S.
1588 3017 2000 3100 Columbae,
2034 3027 2506 3111 cognomento
2540 3020 2728 3110 apud
2774 3042 2939 3090 suos
2977 3019 3313 3092 Columb-

519 3137 700 3220 killi,
769 3158 854 3207 eo
917 3133 1112 3227 quod
1181 3135 1576 3205 multarum
1629 3137 1989 3215 cellarum,
2049 3134 2124 3202 id
2183 3141 2315 3215 est,
2374 3134 2973 3204 monasteriorum
3034 3138 3149 3206 vel
3207 3159 3316 3208 ec-

521 3253 918 3334 clesiarum,
988 3251 1390 3332 institutor,
1457 3249 1820 3333 fundator,
1879 3257 1952 3319 et
2003 3259 2240 3320 rector
2303 3250 2647 3332 extiterit,
2706 3251 2881 3322 adeo
2947 3261 3031 3321 ut
3098 3252 3315 3324 abbas

517 3365 958 3450 monasterii,
1016 3365 1130 3434 cui
1181 3364 1568 3434 novissime
1615 3364 1952 3456 praefuit,
2003 3373 2078 3434 et
2125 3365 2251 3434 ubi
2300 3365 2703 3455 requiescit,
2754 3373 3003 3436 contra
3047 3389 3317 3437 morem

522 3482 1072 3554 ecclesiasticum
1149 3481 1428 3571 primus
1508 3482 1830 3551 omnium
1901 3477 2461 3550 Hibernensium
2537 3479 2890 3552 habeatur
2954 3484 3317 3574 episcopo-

517 3599 740 3670 rum.”
865 3595 970 3666 Et
1020 3605 1107 3666 ut
1163 3596 1252 3664 de
1309 3594 1384 3665 S.
1447 3594 1914 3675 columbano,
1965 3613 2179 3684 quem
2239 3595 2454 3664 etiam
2514 3592 2938 3666 Columbam
2998 3619 3128 3667 seu
3182 3597 3317 3669 Co·

517 3713 978 3785 lumbkillum
1013 3719 1242 3792 vocat,
1293 3733 1378 3780 ea
1410 3711 1550 3780 dici
1584 3710 1967 3802 intelligas,
2013 3709 2170 3798 ipse
2214 3705 2289 3776 N
2291 3708 2583 3779 otkerus
2632 3711 2895 3780 ibidem
2948 3714 3085 3783 loci
3129 3712 3319 3784 Con-

519 3831 811 3924 gellum,
863 3827 1014 3897 sive
1048 3827 1190 3896 alio
1239 3826 1528 3896 nomine
1563 3833 1608 3867 “
1640 3824 1960 3894 faustum
1997 3825 2565 3914 praeceptor-eff
2598 3833 2807 3896 vocat
2842 3835 2891 3868 “
2923 3825 3313 3902 beatissimi

517 3941 966 4016 columbani.
970 3941 1008 3972 ’⁹
1091 3939 1356 4012 Effecit
1387 3961 1556 4010 sane
1603 3939 1840 4030 patria
1869 3938 2289 4018 communis,
2324 3943 2399 4006 et
2430 3941 2803 4010 nominum
2856 3943 3137 4025 vicinia,
3186 3966 3315 4015 nec

515 4061 830 4130 multum
864 4058 1108 4148 dispar
1141 4067 1359 4138 aetas,
1391 4067 1479 4125 ut
1511 4077 1754 4126 rerum
1787 4061 2199 4125 nostrarum
2234 4052 2472 4123 minus
2505 4057 2719 4145 periti
2754 4058 3133 4149 scriptores
3184 4058 3314 4130 hos

519 4174 700 4246 duos
733 4183 1018 4243 sanctos
1053 4171 1246 4242 viros
1281 4169 1756 4241 confuderint.

619 4287 732 4360 De
765 4296 1004 4382 gente,
1039 4287 1176 4358 etsi
1209 4307 1594 4356 consensus
1627 4285 1722 4355 sit
1773 4283 2084 4354 melioris
2133 4294 2347 4356 notae
2396 4285 2849 4376 scriptorum,
2896 4297 3139 4359 tamen
3183 4293 3314 4362 du-

517 4403 832 4477 bitatum
891 4403 1100 4473 video
1153 4423 1196 4471 a
1255 4399 1684 4492 quibusdam
1737 4402 1922 4470 male
1975 4399 2271 4470 feriatis.
2362 4399 2554 4471 Nam
2615 4400 2970 4496 Georgius
3031 4402 3315 4476 Merula

518 4517 1012 4589 Alexandrim
1037 4517 1162 4588 lib.
1203 4519 1255 4586 '1.
1307 4513 1674 4605 Antiquit.
1728 4513 2145 4586 Vicecomit.
2195 4539 2359 4610 pag.
2397 4535 2647 4586 ccvn.
2708 4526 2753 4559 “
2786 4517 3313 4590 columbanum

519 4657 564 4705 a
621 4632 880 4705 Gothis
935 4633 1417 4728 progenitum,
1475 4631 1891 4724 integritate
1944 4629 2135 4700 vitae
2194 4633 2687 4716 reverendum,
2743 4642 2816 4705 et
2872 4637 2950 4704 in
3008 4658 3150 4727 quo
3208 4637 3315 4706 di-

519 4749 848 4822 vinitatis
881 4749 1154 4842 aliquid
1183 4745 1570 4829 relucebat,
1611 4744 1916 4840 benigne
1947 4767 2362 4838 suscepere3
2418 4751 2863 4841 acceptisque
2896 4751 3103 4822 donis
3136 4775 3313 4844 opu-
