4384 5817
1031 543 1118 610 92
1805 537 2275 610 HISTORIA
2320 535 3075 608 EchESIAsTch

1039 731 1282 806 Aliter
1313 751 1484 804 vero
1517 729 1734 801 iidem
1765 725 2018 823 Varoy
2048 729 2379 815 audiunt,
2412 739 2502 803 ut
2529 729 2717 802 libro
2748 743 2929 802 xlx.
2978 723 3197 802 infra.
3296 725 3581 820 Scripta
3624 726 3849 820 perie-

1041 856 1238 920 runt.
1339 844 1656 918 Vivebat
1689 864 1880 916 anno
1913 861 2098 917 nec.
2132 846 2611 920 ut-existimo.

2087 1041 2164 1118 S.
2217 1041 2525 1120 BEGA.
2628 1041 2843 1118 16³.-

1045 1193 1120 1266 S.
1154 1191 1424 1277 Biton,
1471 1190 1682 1290 virgo
1724 1192 1940 1288 longe
1979 1193 2453 1280 smctisfflma,
2498 1213 2646 1268 non
2690 1191 3007 1268 Scotiam
3050 1191 3289 1277 modo,
3334 1191 3461 1264 sed
3504 1201 3581 1264 et
3614 1201 3848 1266 totum

1043 1307 1604 1404 septentrionem
1637 1305 1936 1380 mirffiee
1967 1308 2367 1382 illustravit
2394 1334 2421 1400 3
2474 1329 2646 1382 nam
2678 1310 2761 1382 in
2791 1306 3069 1405 Anglis
3112 1309 3461 1382 comitatu
3504 1307 3853 1380 Cumbria

1043 1445 1254 1498 mons
1279 1432 1354 1496 et
1375 1424 1952 1518 promontorium
1972 1424 2467 1498 vastissimum
2485 1425 2647 1522 eJus
2668 1445 2935 1498 nomen
2952 1432 3175 1510 tenet,
3194 1425 3417 1520 vulgo
3432 1418 3515 1498 S,
3538 1419 3760 1506 Bm,
3782 1431 3853 1494 et

1048 1542 1126 1611 in
1145 1539 1492 1614 ulteriore
1511 1538 1756 1612 oceani
1775 1547 2018 1612 tractu
2033 1537 2523 1636 “Norregia,⁸'
2542 1541 2785 1635 inquit
2802 1538 3098 1624 lazius,
3116 1547 3164 1584 ‘⁸
3181 1539 3391 1633 quasi
3410 1536 3779 1634 Norbegia
3792 1538 3851 1607 :”

1049 1666 1124 1729 et
1147 1655 1324 1727 haec
1347 1657 1576 1726 altera
1599 1651 1926 1739 Claudia,
1951 1653 2351 1740 Maxentia,
2376 1655 2815 1739 Mechtildis,
2840 1653 3050 1748 Syra,
3080 1650 3531 1748 walpurgis,
3562 1649 3851 1735 Ursule,

1051 1769 1452 1854 Pandiona,
1490 1767 1820 1865 Brigida,
1853 1769 2239 1854 Chuvilda,
2272 1768 2522 1856 Daria,
2554 1769 3037 1854 Dardulacha,
3069 1766 3423 1852 Emerita,
3458 1765 3849 1850 Findocha,

1050 1883 1324 1970 Macra,
1373 1883 1744 1969 Geresina,
1795 1884 2155 1972 Modesto,
2208 1883 2443 1970 odda.
2494 1884 2893 1980 Promptia,
2942 1881 3362 1967 Passennia,
3422 1881 3853 1966 Sanctanna,

1052 1999 1438 2084 Richarda,
1491 1998 1890 2096 Taraghta,
1943 1999 2345 2085 Summiva,
2397 1999 2877 2086 Erentrudis3
2938 2021 3110 2074 nam
3155 1999 3391 2073 omnis
3432 1997 3573 2069 hae
3616 1995 3857 2070 Scotia

1052 2114 1420 2200 oriundae,
1473 2115 1714 2208 patria
1759 2136 1894 2188 sua
1941 2137 2292 2210 egressae,
2348 2115 2835 2189 incredibilem
2894 2115 3227 2188 ecclesiae
3283 2113 3639 2186 fervorem
3697 2133 3861 2205 ope-

1051 2251 1352 2324 ramque
1384 2229 1890 2314 exhibuerunt,
1923 2239 2009 2303 ut
2042 2229 2361 2304 dubitari
2392 2239 2657 2324 posset,
2690 2241 2857 2306 uter
2888 2251 3103 2304 sexus
3128 2227 3409 2313 fortior,
3432 2228 3857 2324 gloriosior3

1053 2355 1128 2418 et
1158 2343 1274 2416 his
1297 2345 1470 2441 Jure
1501 2344 1762 2418 merito
1795 2343 2000 2442 Bega
2031 2355 2570 2430 annumeretur,
2602 2367 2789 2442 quae
2822 2347 3167 2420 miracula
3198 2345 3277 2416 in
3310 2342 3585 2440 Anglia
3614 2365 3863 2436 perpe-

1053 2459 1272 2532 trarit
1303 2461 1522 2532 etiam
1553 2459 1772 2532 hodie
1801 2460 2227 2532 admiranda
2269 2461 2463 2552 apud
2503 2463 2701 2555 ipsos
2740 2461 3161 2545 haereticos,
3206 2481 3377 2532 nam
3420 2469 3717 2532 taurum
3764 2458 3865 2531 fe-

1055 2597 1220 2647 rum
1245 2575 1612 2658 cicuravit,
1641 2584 1716 2647 et
1739 2575 2112 2647 elementis
2135 2576 2519 2648 sanctitate
2544 2578 2955 2672 imperavit,
2982 2577 3241 2672 hyeme
3272 2577 3603 2657 calorem,
3634 2585 3863 2652 aesta-

1055 2700 1130 2762 te
1153 2689 1358 2762 nives
1382 2689 1798 2782 impetrans,
1825 2689 2020 2793 quod
2045 2687 2476 2774 camdenus,
2500 2693 2669 2766 licet
2686 2693 3109 2780 haereticus,
3133 2713 3281 2766 non
3299 2691 3517 2765 audet
3536 2689 3861 2772 inficiari,

1055 2826 1222 2902 pag.
1283 2821 1706 2877 Dcccxxx.
1807 2803 2122 2877 Demum
2183 2816 2349 2898 poet
2404 2816 2518 2880 tot
2574 2809 3017 2906 propagandi
3078 2807 3435 2904 evangelii
3492 2828 3709 2878 causa
3764 2809 3865 2878 la-

1057 2921 1265 2994 bores
1297 2929 1664 3012 susceptos
1697 2921 1914 2992 rediit
1945 2921 2026 2992 in
2069 2919 2406 3006 Scotiam,
2448 2931 2525 2996 et
2568 2923 2647 2995 in
2690 2921 3187 3018 Kuningamia
3226 2921 3521 3016 regione
3568 2922 3865 2992 sanctis·

1059 3035 1240 3110 sime
1285 3035 1468 3108 obiit
1507 3038 1664 3108 loco
1694 3037 1823 3129 qui
1855 3035 1949 3108 ab
1981 3035 2407 3134 eaKilbege
2437 3061 2631 3112 nunc
2662 3039 2950 3110 dicitur.
3052 3035 3145 3110 In
3178 3059 3323 3130 qua
3366 3058 3543 3108 voce
3574 3057 3867 3128 corrup-

1058 3161 1181 3223 tus
1241 3151 1648 3248 Ingulphus
1710 3151 2267 3246 Croylnndensis
2326 3153 2610 3226 Histor.
2670 3175 2837 3250 pag.
2882 3169 3061 3226 mx.
3124 3162 3171 3196 “
3220 3151 3589 3224 siwardus
3648 3151 3865 3224 abbas

1065 3263 1370 3343 Sanctae
1403 3265 1641 3362 Pegae
1671 3263 1736 3338 θ’
1785 3267 1910 3338 sed
1941 3269 2100 3364 lege
2131 3265 2421 3362 Regae.
2522 3267 2829 3363 Scripsit
3554 3321 3561 3330 -

1081 3431 1092 3442 ·
1357 3379 1472 3454 De
1503 3381 1662 3454 Deo
1696 3404 1872 3456 vero
1905 3383 2000 3454 ad
2033 3383 2473 3456 Orcadianoa
2764 3385 2891 3460 lib.
2926 3403 2981 3459 1.

1359 3495 1780 3569 Formulam
1814 3497 2121 3572 Precum
2157 3497 2251 3570 ad
2284 3497 2533 3572 Dauos
2752 3502 2879 3576 lib.
2917 3518 2971 3572 1.
3050 3499 3413 3576 Hem-iem
3474 3499 3863 3572 Sinclarus.

1457 3609 1533 3682 N
1535 3635 1629 3684 on
1663 3613 1814 3685 vidi
1847 3637 2032 3707 quae
2065 3612 2381 3686 Balaeus
2412 3615 2757 3710 assignat.

1165 3727 1448 3799 Claruit
1483 3749 1674 3800 anno
1707 3745 2168 3802 DCCLXXIV.
2202 3738 2551 3826 regnante
2586 3729 2961 3804 Soluathio
2994 3733 3071 3804 in
3106 3730 3371 3804 Scotia.
3448 3729 3732 3802 Colitur
3754 3745 3865 3800 vl.

1067 3841 1355 3935 Septem
1363 3841 1432 3914 b.
1483 3841 1760 3916 Errant
1807 3843 1936 3937 qui
1985 3843 2172 3916 hanc
2222 3867 2385 3916 cum
2436 3845 2598 3940 Bey
2646 3848 2929 3942 virgine
2978 3847 3453 3930 confundunt,
3500 3867 3671 3920 nam
3704 3847 3867 3928 ista,

1070 3955 1409 4030 Donaldo
1465 3955 1602 4030 VI.
1679 3959 1836 4052 regi
1893 3968 2148 4030 nostro
2202 3956 2605 4046 familiaris,
2668 3979 2723 4033 1.
2781 3958 3136 4035 Novemb.
3196 3963 3506 4047 colitur3
3580 3983 3673 4033 ex
3726 3981 3872 4053 quo

1067 4074 1298 4166 liquet
1345 4095 1466 4146 eas
1513 4072 1802 4150 differre
1851 4081 2085 4146 aetate
2141 4091 2433 4146 cxxnr.
2484 4097 2863 4149 annorum.
2992 4075 3231 4150 Hodie
3286 4076 3482 4170 apud
3538 4075 3864 4172 Kilbege,

1071 4189 1149 4261 id
1179 4199 1314 4272 est,
1345 4189 1592 4262 cellam
1628 4187 1893 4286 Begae,
1927 4189 2277 4262 memoria
2308 4187 2574 4262 dicitur
2606 4203 2873 4264 extare.

1995 4385 2072 4460 S.
2123 4383 2673 4460 BENIGNUS.
2777 4385 2945 4462 164.

1077 4535 1153 4608 S.
1197 4531 1672 4616 BnmerUS,
1731 4531 2092 4608 confessor
2149 4543 2227 4606 et
2279 4534 2673 4628 presbyter,
2736 4537 3081 4632 magister
3138 4546 3215 4610 et
3272 4537 3615 4610 educator
3670 4557 3872 4614 sanc-

1074 4649 1338 4723 tissimi
1389 4647 1530 4718 viri
1579 4647 1950 4741 apostolici
1999 4647 2274 4732 Livini,
2322 4649 2447 4742 qui
2502 4651 2581 4722 in
2628 4649 2887 4748 Belgio
2946 4663 3226 4747 martyr
3284 4649 3619 4724 Gandavi
3676 4653 3875 4744 quie-

1077 4765 1234 4848 scit,
1267 4773 1354 4836 ut
1384 4771 1640 4836 notum
1673 4763 1832 4858 ejus
1865 4759 2064 4850 Vita,
2096 4762 2307 4859 cujus
2340 4774 2589 4838 auctor
2620 4765 2693 4838 S.
2726 4766 3173 4852 Bonifacins,
3208 4778 3283 4842 et
3306 4768 3637 4846 meminit
3658 4765 3871 4838 Joan.

1079 4879 1418 4955 Molanus
1453 4877 1783 4954 Indiculo
1815 4875 2245 4953 Sanctormn
2279 4877 2517 4976 Belgii
2548 4901 2620 4972 p.
2657 4893 2851 4954 va.
2956 4882 3241 4977 Scripta
3273 4882 3815 4958 interciderunt.
