4384 5817
1068 517 1198 590 196
1835 515 2303 586 HISTORIA
2346 513 3095 586 ECCLESIASTICA

1073 730 1164 779 ne
1215 707 1547 800 episcopi,
1596 708 1724 800 qui
1764 715 1921 778 tum
1967 705 2383 789 decesserat,
2428 715 2557 777 aut
2605 707 2846 780 verius
2894 706 3123 798 ipsius
3172 706 3382 791 sedis,
3432 709 3510 779 in
3558 711 3842 784 concilio

1069 824 1275 908 sedit,
1309 823 1424 894 vir
1454 823 1838 918 singularis
1873 821 2319 906 eruditionis,
2356 829 2431 894 et
2460 840 2781 894 summae
2812 822 3343 907 moderationis,
3386 844 3517 894 nec
3558 824 3840 898 minoris

1068 939 1528 1034 integritatis.
1631 936 1934 1028 Scripsit

1365 1053 1639 1124 Contra
1671 1051 2172 1123 Schismaticos
3146 1051 3273 1124 lib.
3312 1070 3365 1123 1.

1361 1167 1484 1240 Ad
1519 1167 1918 1238 Concilium
1952 1165 2501 1240 constantiense
3142 1167 3268 1240 lib.
3306 1185 3360 1239 1.

1362 1283 1509 1354 Pro
1542 1306 1714 1355 vero
1747 1282 1947 1374 Papa
3141 1283 3266 1354 lib.
3304 1301 3359 1354 1.

1162 1399 1473 1474 Vivebat
1539 1420 1730 1470 anno
1797 1413 2377 1470 mccccxxxlx.
2446 1398 2649 1470 Haec
2712 1419 2804 1470 ex
2866 1397 3147 1470 Joanne
3204 1397 3451 1470 Lundi
3516 1404 3839 1476 canonico

1065 1512 1553 1586 Brechinensi.

1685 1707 2177 1782 ANDREAS
2226 1708 2947 1784 CRICHTONIUS.
3046 1711 3214 1783 354.

1063 1860 1473 1933 Armanas
1507 1859 1988 1944 Crichtonius,
2021 1859 2300 1930 familia
2330 1859 2779 1932 Ennea-notia
2808 1859 2887 1930 in
2921 1860 3167 1952 paucis
3212 1859 3435 1932 nobili
3478 1870 3702 1946 ortus,
3747 1868 3835 1936 la-

1066 1977 1350 2050 boriosa
1381 1977 1538 2048 vita
1570 1977 1786 2050 toties
1823 1963 2119 2068 E'uropa
2153 1978 2485 2060 lustrata,
2516 1977 2633 2048 vir
2656 1977 2949 2068 probus.
3010 1975 3335 2070 Scripsit,
3366 1985 3533 2070 post
3564 1980 3837 2051 tertiam

1065 2093 1430 2166 custodiae
1463 2091 2167 2164 Scotico-haereticae
2200 2092 2697 2175 constantiam,

1356 2205 1722 2300 Excerpta
1753 2229 1845 2278 ex
1875 2206 2185 2278 Psalmis
2219 2207 2310 2278 ad
2346 2207 2901 2280 consolationem
2932 2204 3360 2280 afflictorum
3441 2209 3566 2280 lib.
3606 2227 3655 2280 1.

1361 2321 1614 2394 Preces
1646 2325 1898 2418 lingua
1931 2325 2313 2393 vernacula
3442 2324 3565 2398 lib.
3605 2345 3658 2396 1.

1159 2437 1370 2512 Vivit
1419 2440 1498 2510 in
1558 2439 1815 2535 Belgio
1871 2439 1964 2508 ad
2007 2436 2100 2509 D.
2151 2437 2481 2534 Virginis
2530 2437 3027 2524 montisacuti,
3082 2440 3407 2532 speratis,
3457 2451 3532 2513 et
3580 2439 3837 2513 Romae

1061 2556 1454 2648 promissis,
1489 2554 1900 2628 sacerdotiis
1932 2575 2297 2626 excussus.

1781 2783 2110 2858 DAVID
2156 2782 2862 2860 C'AMERARIUS.
2963 2789 3131 2858 3⁵5.

1063 3017 1346 3089 Davm
1381 3017 1860 3101 Camerarius,
1895 3039 2023 3088 seu
2055 3017 2416 3100 Chalmer,
2450 3017 2776 3090 sacerdos
2812 3015 3249 3102 Catholicm,
3293 3019 3593 3111 antiqua
3624 3027 3696 3090 et
3726 3041 3840 3090 no·

1063 3134 1192 3206 bili
1225 3133 1552 3206 Fintriae
1581 3131 1878 3216 familia,
1925 3134 2042 3204 vir
2089 3133 2359 3228 insigni
2404 3134 2801 3217 literatura,
2848 3131 3115 3203 Graece
3158 3143 3233 3204 et
3275 3131 3538 3204 Latine
3580 3133 3840 3217 doctae,

1064 3251 1220 3322 vita
1251 3249 1646 3321 continenti
1677 3271 1761 3320 ac
1793 3249 2317 3341 probatissimis
2350 3248 2693 3333 moribus,
2730 3249 2809 3320 in
2844 3247 3121 3332 Galliis,
3158 3247 3559 3340 Hispaniis,
3608 3247 3841 3321 Italia-

1065 3387 1205 3458 que
1253 3364 1382 3436 diu
1426 3375 1774 3448 versatae,
1821 3385 2084 3458 magna
2129 3364 2517 3434 modestiae
2562 3376 2635 3438 et
2682 3364 3121 3459 integritatis
3168 3365 3365 3457 apud
3412 3385 3659 3436 omnes
3703 3363 3843 3455 opi-

1067 3482 1304 3552 nione.
1407 3478 1710 3571 Scripsit
1741 3481 2128 3572 pleraque3
2179 3480 2261 3550 in
2296 3479 2411 3549 his
2444 3489 2555 3551 est

1357 3595 1734 3690 Lysander
1763 3605 1838 3668 et
1871 3593 2150 3666 Lucina
2792 3594 2917 3665 lib.
2957 3612 3009 3666 1.
3063 3595 3355 3666 Poetica
3384 3595 3689 3668 historia
3720 3596 3847 3666 ele-

1459 3711 1906 3807 gantissima,
1945 3733 2089 3802 qua
2121 3711 2314 3781 vitae
2348 3711 2764 3802 spiritualis,
2790 3713 3295 3803 speculativae,
3316 3721 3401 3783 ut
3434 3713 3840 3804 loquuntur,

1465 3836 1540 3898 et
1581 3826 1876 3908 activae,
1921 3825 2268 3917 perfectio
2315 3827 2767 3909 contimtum
2826 3835 2901 3898 et
2944 3827 3161 3898 habet
3208 3847 3553 3900 acanus
3600 3845 3843 3898 venus-

1457 3943 1796 4014 tissimos.
3048 3995 3057 4004 .

1361 4060 1450 4131 In
1486 4057 1623 4128 Jus
1660 4056 2102 4129 canonicum
2135 4057 2378 4149 aliqua
2951 4057 3074 4128 lib.
3108 4075 3166 4129 Ι.

1161 4175 1371 4250 Vivit
1405 4173 1700 4256 Romae,
1733 4173 2008 4265 patriae
2042 4173 2503 4258 necessarius,
2538 4172 2869 4248 omnibus
2902 4174 3097 4244 vitae
3130 4173 3544 4272 integritate
3574 4195 3799 4245 carus.

1761 4401 1811 4472 J
1814 4401 2237 4474 OANNES
2286 4401 2879 4476 COLVILLUS.
2982 4401 3153 4476 356.

1065 4635 1452 4713 JQANNES
1511 4632 1881 4718 Colvillus,
1939 4632 2387 4707 nobilissimo
2440 4635 2595 4706 loeo
2646 4643 2885 4720 natus,
2954 4637 3326 4732 religiosae
3380 4637 3461 4708 in
3523 4637 3849 4709 comitem

1065 4751 1578 4826 Bothwellium
1655 4749 2170 4834 observantiae,
2248 4750 2449 4820 illum
2530 4773 2576 4821 a
2652 4773 2821 4846 rege
2896 4753 3375 4845 proscriptum
3443 4753 3519 4824 in
3586 4751 3849 4826 Gallias
