4384 5817
1177 693 2188 810 HISTORIAE
2273 697 3809 814 EOOLESIASTIGAE

1767 899 2337 1000 GENTIS
2412 899 3227 1001 SCOTORUM

2238 1157 2611 1240 LIBER.
2668 1157 2769 1241 V.

2149 1455 2224 1529 S.
2276 1457 2590 1529 EATA.
2697 1460 2869 1528 444.

1098 1689 1172 1760 S.
1209 1689 1476 1775 ΕΑΤΑ,
1511 1691 1664 1762 sive
1707 1688 1956 1774 Eatta,
2004 1689 2497 1762 Mailrosensis
2544 1689 2784 1774 abbas,
2829 1689 3042 1764 Joan.
3081 1691 3439 1765 Trithem.
3484 1695 3610 1766 lib.
3652 1712 3773 1764 111.
3809 1695 3893 1765 de

1094 1804 1256 1878 Vir.
1285 1807 1686 1879 illustribus
1712 1807 2012 1878 Ordinis
2036 1804 2113 1876 S.
2141 1805 2516 1878 Benedicti
2548 1829 2703 1899 cap.
2741 1825 2993 1880 cxxv,
3030 1811 3223 1903 quod
3256 1833 3469 1882 nemo
3502 1821 3671 1882 ante
3695 1811 3886 1881 illum

1096 1921 1177 1992 in
1233 1921 1622 1994 Britannia
1677 1923 2064 2014 praestitit,
2121 1923 2304 1992 duos
2362 1922 2581 1994 simul
2646 1923 3098 2016 episcopatus
3157 1925 3275 2018 pie
3342 1927 3885 1998 administravit.

1095 2035 1339 2111 Verba
1389 2038 1756 2112 Francisci
1815 2036 2154 2110 Godwini
2212 2061 2571 2131 apponam
2630 2061 2719 2110 ex
2781 2037 3317 2114 Commentario
3369 2043 3459 2114 de
3522 2040 3888 2134 Episcopis

1093 2151 1407 2249 Angliae
1440 2177 1608 2251 pag.
1644 2171 1870 2226 XCIV.
1921 2163 1967 2196 “
2001 2152 2381 2227 Scotorum
2425 2156 2781 2246 plurimis,
2831 2158 2959 2248 qui
3006 2179 3169 2229 cum
3205 2157 3603 2230 Colmanno
3633 2159 3715 2228 in
3746 2157 3889 2228 An-

1094 2270 1318 2365 gliam
1364 2280 1733 2354 venerant,
1787 2293 1954 2342 cum
2013 2271 2262 2344 eodem
2312 2271 2391 2342 in
2439 2273 2751 2362 patriam
2800 2274 3132 2357 reversis,
3182 2275 3310 2367 qui
3360 2286 3889 2367 permanserant

1093 2387 1356 2479 reliqui
1415 2385 1832 2459 Mailrosiae
1889 2389 2385 2470 consederunt,
2444 2386 2773 2459 abbatem
2842 2388 2981 2459 sibi
3040 2398 3557 2482 praeponentes
3612 2388 3887 2471 Eatam,

1093 2526 1308 2595 quem
1357 2505 1618 2588 locum,
1669 2501 2067 2576 Colmanno
2115 2513 2439 2598 rogante,
2492 2503 2833 2574 Oswinus
2884 2526 3014 2575 rex
3064 2506 3157 2576 iis
3207 2506 3628 2601 assignavit.
3734 2505 3885 2588 Hic,

1095 2618 1312 2689 Tuda
1359 2617 1720 2702 defuncto,
1777 2627 1930 2690 tam
1990 2617 2595 2713 Hagustaldensis
2639 2640 2857 2710 quam
2906 2619 3517 2693 Lindisfarnensis
3558 2621 3889 2693 constitu-

1097 2748 1219 2806 tus
1253 2742 1364 2807 est
1395 2735 1792 2825 episcopus,
1829 2744 1902 2806 et
1943 2743 2329 2827 utramque
2378 2735 2618 2806 sedem
2663 2756 2795 2827 per
2840 2735 3207 2807 biennium
3254 2737 3489 2821 rexit3
3536 2760 3683 2830 quo
3726 2748 3891 2810 tem-

1095 2851 1292 2943 poris
1351 2851 1588 2942 spatio
1647 2849 1876 2934 finito,
1943 2848 2597 2945 Hagustaldensem
2666 2849 3071 2923 Tumberto
3128 2854 3412 2924 cuidam
3480 2853 3889 2948 resignavit.

1098 2966 1498 3038 Tumberto
1531 2987 1703 3038 vero
1746 2990 1876 3059 per
1920 2967 2279 3060 synodum
2326 2965 2741 3038 Twifordae
2786 2979 3317 3062 congregatam,
3364 2992 3585 3063 quam
3620 2971 3713 3041 ob
3744 2991 3892 3040 cau·

1097 3107 1250 3156 sam
1297 3083 1558 3167 nesci0‚
1614 3090 2098 3166 exauctorato,
2163 3081 2609 3154 Cuthbertus
2660 3083 2769 3153 illi
2818 3083 3257 3156 substitutus
3308 3097 3465 3157 est:
3516 3087 3643 3156 sed
3692 3083 3893 3167 Eata,

1095 3224 1258 3273 cum
1292 3199 1726 3294 intelligeret
1761 3198 2162 3271 Cuthberto
2210 3199 2440 3294 magis
2488 3200 2684 3270 cordi
2730 3221 2885 3271 esse
2930 3199 3169 3270 sedem
3219 3200 3890 3282 Lindisfarnensem,

1097 3318 1346 3388 relicto
1399 3317 1506 3385 illi
1562 3331 1775 3407 quem
1847 3315 2307 3406 concupierat
2358 3317 2799 3408 praesulatu,
2861 3313 3514 3410 Hagustaldensem
3568 3319 3890 3410 suscepit.

1098 3432 1318 3505 Anno
1365 3433 1542 3503 haec
1595 3448 2070 3502 DCLXXXIV.
2127 3439 2333 3526 gesta
2392 3439 2584 3514 sunt,
2639 3453 2970 3523 annoque
3028 3431 3285 3504 deinde
3334 3434 3662 3526 sequenti
3713 3432 3893 3505 Eata

1096 3550 1384 3621 videtur
1417 3550 1642 3619 vitam
1681 3569 1843 3617 cum
1879 3556 2110 3619 morte
2144 3548 2684 3618 commutasse.”
2740 3601 2749 3608 .
2784 3546 3141 3618 Successit
3172 3548 3279 3619 illi
3314 3549 3389 3620 S.
3416 3549 3734 3621 Joannes
3770 3549 3896 3620 Be-

1102 3665 1552 3749 verlacensiS,
1590 3664 1716 3758 qui
1753 3671 1919 3754 post
1954 3657 2605 3758 Hagustaldensem
2654 3664 2917 3744 sedem,
2964 3661 3493 3738 Eboraceusem
3536 3668 3769 3750 rexit3
3822 3674 3896 3736 ut

1099 3805 1189 3852 ex
1224 3781 1426 3852 Beda
1458 3782 1584 3853 lib.
1625 3797 1698 3852 V.
1739 3779 2129 3851 Historiar.
2165 3777 2473 3874 Anglor.
2510 3802 2665 3872 cap.
2703 3797 2794 3850 11.
2827 3781 3087 3851 recitat
3118 3779 3379 3853 Surius
3412 3792 3611 3854 tomo
3640 3800 3765 3852 111.
3790 3783 3895 3852 die

1101 3915 1248 3968 v11.
1287 3896 1492 3968 Maii.

1197 4011 1323 4083 Ab
1375 4011 1756 4084 Alchfrido
1812 4034 1982 4106 rege
2038 4013 2277 4082 locum
2331 4011 2749 4102 impetravit
2795 4012 3162 4084 condendo
3207 4017 3665 4098 monasterio,
3717 4015 3899 4108 quod

1109 4128 1559 4200 Mailrosiam
1593 4129 1863 4220 posteri
1898 4137 2295 4209 vocarunt3
2332 4149 2478 4219 quo
2510 4130 2789 4200 nullum
2827 4137 3262 4212 sanctorum,
3310 4153 3491 4222 quos
3526 4133 3732 4214 aluit,
3778 4154 3901 4202 nu-

1104 4266 1303 4315 mero
1335 4245 1714 4328 illustrius,
1752 4267 1898 4314 non
1935 4245 2014 4314 in
2047 4243 2377 4337 angustis
2410 4247 2625 4315 modo
2658 4245 3083 4316 Britanniae
3116 4247 3490 4330 tractibus,
3524 4248 3649 4318 sed
3696 4271 3786 4318 ne
3830 4248 3901 4316 in

1104 4360 1445 4431 universa
1476 4360 1764 4452 quidem
1802 4358 2121 4450 Europa.
2223 4356 2403 4429 Vita
2445 4360 2520 4430 S.
2558 4359 2943 4432 cuthberti
2983 4383 3137 4454 cap.
3174 4379 3322 4432 vn.
3369 4364 3565 4455 apud
3612 4363 3897 4435 Surium

1107 4486 1281 4547 tom.
1338 4492 1461 4545 111.
1514 4474 1630 4544 die
1681 4493 1827 4544 xx.
1867 4473 2144 4546 Martii.
2198 4472 2385 4546 Vide
2434 4478 2643 4569 plene
2687 4477 2764 4548 in
2810 4477 3057 4548 eadem
3104 4477 3259 4549 vita
3300 4501 3455 4571 cap.
3494 4497 3668 4551 ΧΠ.
3708 4497 3899 4550 XXV.

1105 4591 1294 4688 Ejus
1329 4600 1436 4664 est

1403 4707 1690 4802 Regula
1721 4706 1812 4776 ad
1850 4705 2245 4778 Monachus
2998 4708 3125 4782 lib.
3164 4728 3219 4780 1.

1409 4821 1772 4894 Homiliae
2996 4825 3121 4897 lib.
3162 4843 3213 4894 1.
