4384 5817
1069 517 1160 582 46
1839 513 2309 586 HISTORIA
2350 513 3103 589 EchESIAs‘rICA

1368 707 1716 780 Lecturae
1749 707 1830 779 in
1859 703 2268 804 Evangelia
2952 708 3079 782 lib.
3118 726 3173 781 1.

1369 819 1461 893 In
1494 843 1740 895 omnes
1775 821 1986 894 Pauli
2021 821 2393 916 Epistolac
2948 823 3077 898 lib.
3112 841 3268 897 111.

1173 935 1646 1032 Theologicae
1667 936 1967 1008 Parisiis
1990 937 2120 1008 diu
2139 937 2421 1010 scholae
2446 935 2782 1031 praefuit,
2804 939 2933 1012 nbi
2960 949 3005 984 ‘⁶
3028 941 3111 1014 in
3130 940 3331 1013 omni
3352 941 3653 1016 scientia
3668 945 3854 1016 divi-

1071 1073 1166 1120 na
1197 1059 1269 1120 et
1301 1050 1616 1122 humana
1649 1053 1884 1123 clarus
1915 1050 2223 1147 fulgen&
2258 1051 2704 1124 Universalis
2730 1051 3001 1126 Doctor
3024 1057 3291 1128 meruit
3314 1059 3721 1150 appellari,”
3748 1061 3849 1132 ait

1069 1165 1120 1234 J
1121 1187 1384 1236 oannes
1421 1163 1870 1238 Trithemius
1901 1167 2025 1238 lib.
2061 1168 2151 1238 de
2183 1165 2667 1260 Scriptoribus
2700 1166 3117 1246 Ecclesiae
3150 1191 3319 1268 pag.
3352 1175 3583 1244 cccv·

1167 1279 1610 1353 Germanum
1659 1280 1936 1354 faciunt
1983 1281 2351 1366 Germani,
2382 1283 2599 1362 „nullo
2648 1303 2821 1355 sane
2868 1294 3319 1380 argumento,
3378 1285 3569 1359 Galli
3626 1287 3853 1359 civem

1065 1418 1300 1480 suum,
1335 1405 1560 1489 aeque
1591 1397 2178 1490 improbabiliter,
2212 1419 2375 1468 cum
2410 1405 2687 1470 constet
2718 1415 2885 1469 eum
2916 1399 3009 1470 ad
3041 1400 3137 1472 D.
3171 1400 3425 1474 Jacobi
3456 1409 3663 1474 extra
3693 1423 3851 1474 mu-

1063 1533 1182 1582 ros
1239 1511 1652 1604 Herbipolie
1709 1511 2183 1584 monasticum
2240 1511 2565 1582 ordinem
2620 1510 3047 1604 professum,
3100 1515 3345 1610 ibique
3394 1517 3587 1590 diem
3634 1537 3849 1588 auum

1066 1627 1309 1709 obiise,
1343 1647 1534 1698 anno
1569 1643 1814 1700 Mccc.
1847 1647 2013 1698 cnm
2049 1625 2439 1718 epitaphio,

1669 1753 1864 1815 Scotia
1885 1773 2060 1834 quem
2085 1753 2312 1834 gennit,
2342 1753 2667 1818 Germania
2690 1755 2890 1818 condit
2914 1757 3192 1820 Aluum

1907 1968 1960 2040 J
1957 1967 2176 2042 OAN
2177 1967 2379 2042 NES
2428 1968 2793 2043 ALTUS.
2894 1973 3015 2049 ⁷2.

1062 2202 1113 2271 J
1115 2217 1450 2274 oANNBs
1479 2201 1706 2274 Altus
1736 2200 2285 2296 Roxburgemis
2332 2201 2591 2274 celebri
2622 2209 2915 2294 patrum
2956 2203 3305 2276 memoria
3346 2201 3659 2288 vivebat,
3690 2205 3853 2276 rhe-

1059 2327 1178 2390 tor
1208 2339 1294 2389 ac
1330 2329 1542 2411 poeta
1583 2317 1912 2390 eximius.
2015 2316 2221 2389 Inter
2266 2317 2461 2389 hunc
2508 2325 2583 2390 et
2630 2315 3061 2390 Eliadum
3102 2319 3599 2416 paedagogum
3648 2319 3847 2392 Mor·

1060 2435 1285 2526 pbeti,
1319 2435 1522 2506 vicus
1553 2434 1774 2505 estin
1806 2431 2082 2528 Anglia
2111 2449 2353 2504 mv·
2386 2431 2725 2504 milliario
2768 2453 2817 2502 a
2857 2430 3137 2506 Scotiae
3180 2432 3471 2520 finibus,
3520 2433 3851 2508 simultas

1060 2573 1142 2621 ac
1191 2551 1279 2621 de
1326 2573 1405 2621 re
1454 2549 1776 2621 literaria
1821 2548 2244 2641 disceptatio
2292 2545 2816 2631 intercedebat3
2868 2569 3176 2641 cumque
3233 2547 3625 2622 Eliadanua
3684 2571 3849 2622 eum

1059 2675 1490 2760 gentemque
1545 2665 1958 2735 universam
2015 2662 2391 2735 Scotorum
2448 2661 2829 2733 virulentis
2886 2663 3176 2754 scriptis
3224 2665 3678 2750 exercuisset,
3730 2665 3849 2736 ille

1061 2781 1230 2851 solis
1279 2779 1614 2852 convitiis
1661 2779 1962 2851 inferior
2009 2802 2085 2851 se
2133 2779 2476 2850 acerrime
2522 2776 2615 2848 ab
2662 2777 2937 2871 injuria
2984 2777 3405 2864 vindicavit,
3450 2800 3850 2872 nomenque

1061 2916 1274 2967 suum
1307 2895 1593 2987 scriptis
1625 2896 1952 2978 aasenlit,
1983 2895 2092 2966 ait
2123 2893 2453 2976 Balaeue,
2488 2891 2931 2985 victoriaque
2964 2894 3415 2966 eruditorum
3438 2893 3713 2988 judicio
3744 2903 3849 2964 est

1057 3011 1356 3104 potitus.
1457 3007 1741 3101 Scripta
1771 3018 1994 3082 eunt:

1352 3123 1714 3220 Apologia
1745 3133 2006 3220 arguta
2938 3122 3069 3194 lib.
3104 3142 3158 3194 1.

1351 3238 1628 3312 Contra
1657 3237 2160 3311 Antiscoticon
2940 3237 3067 3310 lib.
3104 3256 3159 3309 1.

1357 3353 1912 3450 Epigrammata
2939 3351 3065 3423 lib.
3102 3369 3157 3422 1.

1159 3468 1496 3543 Florebat
1525 3491 1716 3544 anno
1747 3470 2006 3541 salutis
2044 3485 2373 3540 mcxxx.

1996 3695 2677 3772 ALEXANDER.
2784 3702 2903 3777 ¹73.

1056 3930 1603 4002 Arana-nnn
1659 3929 2172 4002 Benedictinus
2231 3929 2621 4002 monachus
2671 3930 3245 4026 congregationis
3298 3929 3841 4016 Benchorensis,

1055 4047 1171 4116 vel
1220 4043 1728 4128 cluniacensis,
1776 4050 1866 4115 ut
1909 4044 2342 4136 quibusdam
2390 4045 2650 4129 vicum,
2701 4047 2839 4130 vel,
2890 4055 2977 4116 ut
3026 4045 3269 4117 verina
3300 4047 3447 4131 aiii,
3498 4046 3837 4132 Scoticae,

1057 4159 1318 4232 Deirae
1363 4157 1749 4252 pmfeasm,
1793 4159 2034 4250 patria
2065 4167 2359 4230 exactus
2403 4159 2765 4232 saeviente
2796 4159 3147 4234 bellorum
3178 4161 3507 4232 civilium
3540 4169 3845 4254 tempes-

1055 4285 1228 4358 tate,
1272 4277 1353 4347 in
1393 4273 1698 4346 Essebio
1741 4271 2052 4368 Angliae
2101 4273 2533 4344 monasterio
2576 4273 2705 4346 diu
2748 4273 2959 4359 vixit,
3006 4276 3201 4347 unde
3240 4276 3349 4347 illi
3394 4274 3843 4348 Eoeebiensis

1058 4397 1626 4487 cognomentum.
1701 4396 1748 4430 ‘⁸
1769 4387 2106 4458 Carmine
2129 4391 2501 4472 excellens,
2530 4397 2603 4460 et
2628 4387 2910 4482 prosa?
2930 4391 3038 4461 ait
3060 4387 3305 4464 Uvion
3328 4391 3409 4462 in
3434 4389 3601 4487 Lig.
3627 4390 3842 4464 Vitae

1060 4505 1441 4600 adjunctis.
1477 4501 1927 4575 Banfiemem
1953 4523 2030 4572 se
2062 4501 2442 4595 profitetur
2472 4504 2595 4576 lib.
2634 4521 2721 4574 11.
2750 4501 3129 4596 Epitomea
3160 4503 3531 4579 Historiae
3554 4505 3843 4578 Britan-

1057 4623 1260 4695 nicae
1289 4620 1370 4692 in
1401 4619 1671 4692 limine.
1770 4614 1847 4687 N
1847 4637 1926 4688 ec
1955 4616 2174 4702 illius,
2207 4628 2491 4712 praeter
2520 4619 2893 4703 Balaeum,
2934 4620 3133 4714 quod
3174 4621 3417 4704 eciam,
3460 4623 3843 4715 quisquam

1059 4735 1407 4819 meminit,
1439 4734 1566 4829 qui
1599 4734 1870 4826 etipse
1889 4731 2258 4807 mendacio
2289 4743 2573 4808 assueto
2604 4733 2929 4830 Anglum
2962 4733 3159 4808 facit.
