4384 5817
1235 541 1594 613 GENTIS
1641 537 2203 620 scoTORUM,
2246 537 2435 606 LIB.
2484 539 2579 608 11.
3182 537 3307 604 12¹⁷

804 736 918 810 De
957 733 1320 808 Potestats
1366 731 1610 828 Papae
1659 731 2058 824 (impietate
2101 731 2337 822 plena,
2385 739 2460 804 et

907 851 1000 924 ab
1062 851 1354 922 ecclesia
1418 844 2251 944 proscripta-Andreas
2313 845 2471 918 Eu-

902 967 1204 1040 daemon
1235 965 1450 1039 docta
1479 987 1618 1038 sua
1647 967 1772 1037 illa
1805 961 2172 1057 Epistola)
2494 961 2622 1068 lib.
2659 979 2711 1032 1.

805 1081 1106 1155 Strenae
2492 1079 2617 1150 lib.
2656 1094 2708 1150 1.

807 1196 1383 1292 Euphormionis
1415 1195 1754 1268 Lusinini
1789 1193 2170 1288 Satyricon
2496 1194 2623 1266 lib.
2660 1213 2714 1265 1.

805 1312 978 1386 Icon
1011 1314 1440 1384 animorum.
1543 1310 1665 1383 Ex
1699 1310 2098 1403 Hispanico
2139 1310 2431 1402 scripto,
2474 1311 2565 1382 de
2610 1307 2968 1380 Examine
3014 1305 3304 1403 Ingeni-

903 1451 1138 1502 orum.
1237 1426 1404 1510 Quo
1435 1449 1648 1520 opere
1677 1427 1770 1498 de
1799 1426 2134 1498 omnibus
2165 1426 2505 1522 gentibus
2530 1427 2738 1510 male,
2762 1424 2851 1494 de
2874 1420 3104 1494 Scotis
3131 1443 3303 1494 vero

899 1546 1206 1636 pessime
1239 1543 1488 1616 sensit.
1591 1541 1826 1614 Aiunt
1860 1540 2317 1614 Palinodiam
2348 1542 2706 1624 cecinisse,
2740 1541 2864 1612 sed
2896 1561 3043 1611 non
3076 1537 3249 1610 vidi.

807 1639 1226 1732 Pammenis
1257 1659 1352 1730 ad
1383 1658 1734 1730 Sectarios
2210 1657 2337 1730 ub.
2374 1677 2463 1730 11.
2497 1656 2707 1730 vivit
2739 1655 2975 1728 adhuc
3006 1653 3302 1727 Romae.

1419 1854 1653 1929 ROB.
1705 1855 2108 1932 BODIUS.
2208 1861 2379 1930 220.
2506 1905 2527 1930 .

507 2007 952 2079 ΒΟΒΕΒΤΠΒ
986 2005 1262 2078 Badius
1295 2005 1848 2101 Trochoregius,
1881 2007 2002 2078 vir
2029 2005 2258 2079 nobili
2288 2007 2447 2079 loco
2480 2012 2720 2091 natus,
2758 2013 2834 2078 et
2867 2025 3173 2077 amoeno
3196 2005 3307 2075 in-

505 2125 738 2220 genio,
775 2125 1054 2195 variam
1083 2122 1461 2194 lectionem
1491 2122 1837 2193 acerrimo
1859 2121 2138 2216 judicio
2169 2131 2600 2216 temperans,
2636 2129 2828 2194 artes
2874 2121 3189 2214 optimas
3232 2129 3305 2192 et

507 2241 758 2312 didicit
789 2239 1118 2325 feliciter,
1167 2247 1243 2311 et
1273 2238 1584 2334 gloriose
1629 2238 1711 2308 in
1759 2235 2016 2310 Galliis
2063 2237 2331 2310 docuit.
2434 2236 2625 2332 Ejus
2672 2246 2849 2311 sunt
2894 2238 3177 2321 multa3
3227 2237 3306 2306 in

505 2357 639 2439 his,

807 2469 1213 2543 Harmonia
1243 2467 1814 2566 Evangeliorum
2490 2468 2618 2541 lib.
2656 2485 2711 2540 1.

803 2584 1186 2660 Orationes
1859 2669 1870 2684 ‚
2372 2647 2385 2658 .
2494 2584 2619 2656 lib.
2656 2601 2711 2655 1.

805 2700 1184 2794 Epistulae
2498 2700 2627 2773 lib.
2664 2717 2717 2771 1.

607 2816 818 2892 Vivit
850 2819 929 2888 in
961 2817 1223 2902 Scotia,
1257 2825 1332 2890 et
1375 2817 1662 2890 literato
1709 2816 1906 2888 domi
1953 2815 2108 2888 otio
2151 2813 2449 2900 fruitur,
2500 2813 2959 2888 doctissimus
3006 2815 3181 2908 ipse,
3234 2826 3307 2887 et

509 2937 880 3006 doctorum
922 2933 1188 3016 fautor,
1237 2933 1396 3030 regi
1445 2953 1528 3004 ac
1577 2931 2022 3025 principibus
2067 2953 2301 3005 carus.
2403 2929 2641 3004 Aiunt
2674 2931 2952 3004 haeresi
2984 2932 3307 3025 deposita

510 3052 728 3122 eccles
737 3051 849 3122 iae
881 3072 1144 3122 nomen
1175 3049 1476 3132 dedisse,
1512 3048 1778 3140 alioqui
1811 3048 2050 3120 locum
2079 3048 2203 3121 hie
2231 3069 2379 3121 non
2411 3047 2728 3121 haberet.

803 3165 1219 3238 Alexander
1252 3163 1529 3236 Bodius
2542 3166 2711 3236 221.

805 3279 1169 3354 Robertus
1205 3279 1676 3376 Balcanguail
2539 3283 2709 3352 222.

731 3480 742 3490 ,
807 3395 1052 3470 Gualt.
1088 3397 1545 3470 Ballantinus
2540 3399 2709 3468 223.

807 3512 1071 3586 Petrus
1105 3512 1414 3584 Brusius
2542 3515 2711 3582 224.

801 3629 1132 3700 Andreas
1166 3627 1474 3698 Brusius
2538 3629 2708 3698 225.

802 3743 853 3814 J
852 3743 1116 3818 acobus
1151 3741 1414 3814 Blarus
2537 3739 2705 3813 226.

804 3859 1168 3930 Robertus
1201 3855 1466 3929 Blarus
2538 3863 2708 3936 227.

709 4045 720 4058 ,
801 3973 1164 4045 Robertus
1197 3970 1556 4044 Baronius
2536 3977 2705 4046 228.

602 4093 768 4166 Viri
819 4089 1012 4162 domi
1061 4087 1337 4159 nobiles
1380 4108 1463 4159 ac
1511 4089 1586 4158 in
1637 4087 1842 4160 bonis
1892 4089 2167 4161 artibus
2218 4089 2814 4174 exercitatissimi,
2860 4099 2944 4162 ut
2976 4091 3295 4183 plurimi,

507 4211 696 4305 regis
753 4209 848 4280 ad
907 4203 1157 4276 Scotos
1201 4225 1369 4275 suos
1417 4225 1774 4274 accessum
1817 4204 2261 4277 orationibus
2310 4215 2440 4276 aut
2488 4207 2865 4297 poematiis
2916 4217 3086 4280 sunt
3116 4231 3299 4281 con-

507 4323 897 4420 gratulati;
951 4330 1026 4392 et
1075 4343 1222 4392 non
1276 4319 1529 4391 dubito
1577 4321 1756 4412 quin
1795 4322 2024 4390 multa
2073 4321 2216 4392 alia
2270 4319 2796 4412 publicaverint
2850 4325 2980 4408 illi,
3040 4327 3163 4395 sed
3221 4326 3299 4395 in

507 4461 762 4510 manus
797 4461 992 4509 meas
1026 4435 1209 4506 nihil
1241 4445 1526 4528 praeter
1557 4435 1732 4507 haec
1759 4459 1946 4528 quae
1981 4437 2533 4508 commemoravi
2582 4441 2933 4528 pervenit,
2984 4449 3058 4511 et
3106 4451 3301 4512 certa

509 4555 687 4625 scire
745 4555 1067 4624 locorum
1116 4551 1461 4621 distantia
1506 4560 1756 4622 vetatt
1835 4573 1964 4623 nec
2015 4551 2092 4620 in
2142 4551 2237 4623 iis
2285 4552 2667 4645 quicquam
2721 4554 3296 4648 vituperandum,

509 4669 648 4740 nisi
691 4666 946 4761 iniqua
989 4669 1066 4738 in
1114 4666 1389 4738 haeresi
1439 4668 1890 4759 quorundam
1939 4667 2289 4752 educatio,
2338 4691 2385 4740 o
2428 4669 2713 4741 utinam
2762 4679 2848 4744 ut
2895 4672 3142 4764 aliqui,
3193 4673 3298 4744 ita

506 4805 752 4856 omnes
783 4782 1250 4876 resipiscant!
