4384 5817
1237 581 1594 651 GENTIS
1641 581 2200 662 SCOTORUM,
2248 582 2431 649 LIB.
2482 582 2613 648 111.
3186 586 3311 653 171

509 778 680 860 dux,
763 777 982 848 unico
1053 774 1224 858 filio,
1309 785 1386 846 et
1467 775 1914 867 principatus
1991 773 2308 857 haeredi,
2392 775 2797 848 studiorum
2882 797 3313 868 morumque

513 915 776 989 magno
881 893 1160 964 ambitu
1267 891 1527 963 ascivit
1641 890 2106 962 formatorem
2206 899 2281 961 et
2392 892 2667 974 ducem,
2768 893 3311 984 admiratusque

513 1032 764 1081 canam
829 1009 1286 1101 prudentiam
1353 1008 1442 1078 de
1509 1007 1882 1079 retinendo
1949 1006 2144 1098 apud
2226 1029 2326 1088 se,
2412 1009 2876 1100 ornandoque
2962 1017 3314 1099 perpetua

518 1125 758 1217 aliqua
791 1135 865 1195 et
897 1127 1098 1195 lauta
1138 1123 1598 1195 fortunarum
1645 1124 2052 1195 conditione
2103 1121 2412 1205 Conae0,
2468 1145 2679 1215 saepe
2730 1123 3101 1218 cogitavit.
3194 1123 3311 1194 Εο

517 1242 593 1311 in
667 1263 950 1310 secessu
1039 1239 1518 1330 complurium
1593 1239 1916 1308 virorum
1995 1260 2160 1308 cum
2239 1240 2623 1322 natalibus,
2702 1249 2861 1309 tum
2936 1241 3311 1310 literarum

517 1357 922 1450 cognitione
985 1355 1444 1445 inclytorum,
1505 1355 1896 1423 amicitiam
1955 1355 2093 1425 sibi
2155 1355 2586 1437 conciliavit,
2657 1355 2734 1424 in
2813 1356 3017 1447 queis
3102 1353 3311 1424 fami-

516 1472 894 1542 liarissime
959 1479 1072 1540 est
1135 1491 1314 1540 usus
1379 1469 1506 1540 illo
1583 1468 1890 1539 Nestore
1961 1468 2276 1539 Hercule
2342 1467 2823 1552 Rondinellio,
2902 1477 2977 1540 et
3060 1469 3152 1540 ab
3226 1493 3311 1541 eo

513 1587 970 1658 vehementer
1015 1585 1457 1657 aestimatus.
1579 1584 1698 1654 Ne
1739 1607 1912 1655 vero
1953 1585 2108 1655 sine
2149 1584 2395 1656 fructu
2440 1599 2513 1656 et
2561 1586 2751 1654 linea
2800 1593 3083 1676 tempus
3132 1585 3315 1655 illud

515 1703 894 1785 laberetur,
977 1702 1252 1794 aliquot
1329 1700 1684 1771 viridibus
1749 1701 1986 1771 adhuc
2049 1708 2124 1770 et
2186 1699 2629 1772 'herbescenti
2637 1699 2768 1770 bus
2836 1702 3069 1783 anniS,
3138 1722 3315 1792 opu-

515 1821 714 1890 scula
778 1839 995 1888 cauae
1055 1817 1478 1888 eruditionis
1538 1825 1609 1886 et
1669 1816 2125 1886 consiliorum
2181 1817 2396 1907 plena
2449 1823 2561 1886 est
2614 1816 3049 1886 meditatus:
3122 1816 3315 1886 inter

484 1914 700 2027 'quae
759 1935 1026 2004 eminet
1087 1932 1462 2002 Institutio
1531 1931 1905 2022 Principis,
1961 1953 2052 2002 ex
2107 1931 2347 2022 adytis
2405 1931 2831 2022 prudentiae
2888 1939 2963 2003 et
3021 1933 3311 2024 pietatis

514 2050 801 2132 dictata,
888 2049 1332 2119 luculentum
1410 2055 1826 2137 certumque
1893 2047 2114 2116 animi
2184 2047 2277 2116 ad
2341 2069 2585 2116 rerum
2659 2071 3088 2142 magnarum
3166 2055 3313 2118 tra-

513 2165 896 2235 ctationem
964 2164 1116 2235 nati
1185 2171 1744 2258 argumentum3
1817 2171 1892 2232 et
1948 2162 2293 2245 velitatio,
2366 2163 2518 2232 sive
2584 2164 2902 2254 prolusio
2969 2163 3311 2234 adversus

518 2279 894 2350 Scotorum
953 2279 1216 2361 hosteS,
1278 2279 1472 2348 edita
1539 2276 1908 2348 Bononiae
1975 2276 2266 2348 absente
2334 2287 2645 2360 auctore,
2705 2278 2919 2349 titulo
2987 2276 3311 2348 Praeme-

513 2396 804 2478 tiarum,
873 2415 1090 2486 quam
1173 2393 1620 2488 epigraphen
1705 2393 2092 2484 ascripsere
2174 2392 2387 2462 amici
2456 2393 2781 2466 homines
2866 2413 3073 2464 suam
3156 2415 3311 2464 sen-

511 2511 813 2582 tentiam
877 2509 1129 2581 secuti.
1247 2507 1437 2578 Cum
1494 2517 1738 2579 autem
1798 2509 1992 2579 vitae
2043 2529 2275 2602 genus
2338 2511 2890 2579 ecclesiasticum
2944 2510 3085 2580 sibi
3150 2531 3313 2601 pro-

511 2628 866 2720 posuisset
931 2625 1282 2709 Conaeus,
1349 2645 1482 2695 nec
1547 2626 1786 2695 aulam
1851 2626 2289 2696 saecularem
2356 2625 2423 2696 ei
2490 2625 2909 2720 cogitationi
2974 2625 3313 2697 idoneum

513 2765 666 2814 esse
747 2743 1198 2836 intelligeret,
1281 2741 1534 2812 adulta
1605 2741 1765 2835 jam
1847 2749 2116 2812 aestate
2200 2741 2371 2812 anni
2460 2759 2893 2812 Mncxxln.
2994 2744 3313 2814 maximo

519 2867 744 2942 aestu,
801 2858 910 2928 ita
967 2860 1252 2928 volente
1318 2855 1497 2941 Dee,
1570 2855 1880 2927 Romam
1945 2858 2168 2938 venit,
2238 2858 2630 2949 statimque
2700 2859 2778 2928 in
2846 2858 3311 2930 illustrissimi

515 2973 898 3044 cardinalis
947 2971 1354 3044 Montisalti
1403 2971 1756 3042 familiam
1807 2973 2184 3060 admissus,
2240 2977 2345 3048 ita
2388 2997 2467 3046 se
2510 2973 3059 3069 generosissimo
3115 2975 3315 3065 prin-

513 3089 653 3182 cipi
717 3088 1056 3180 probavit
1119 3109 1408 3158 morum
1473 3088 1834 3159 suavitate
1899 3098 1974 3160 et
2039 3093 2578 3184 compositione,
2651 3099 2735 3161 ut
2801 3099 2965 3182 post
3030 3111 3331 3190 menses

513 3227 640 3276 sex
705 3203 1016 3276 moriens
1085 3204 1591 3276 honestissimo
1656 3207 1894 3299 legato
1969 3204 2338 3278 Conaeum
2414 3207 2746 3279 auxerit:
2812 3207 2940 3298 qui
3008 3218 3313 3297 patrono

513 3323 808 3393 orbatus
873 3321 952 3391 in
1017 3321 1409 3392 amicitiam
1474 3321 1948 3392 illustrissimi
2032 3321 2126 3393 D.
2215 3322 2579 3394 Francisci
2664 3322 3065 3408 Barberini‚
3154 3323 3315 3392 Ma-

509 3437 722 3529 phaei
787 3445 962 3507 tunc
1027 3437 1430 3518 cardinalis,
1498 3457 1690 3506 nunc
1756 3435 2036 3509 Urbani
2100 3437 2317 3510 VIII.
2397 3437 2767 3509 Pontificis
2853 3439 3025 3530 Opt.
3108 3438 3309 3508 Max.

511 3551 757 3623 fratris
807 3551 962 3635 filii,
1013 3574 1089 3622 se
1137 3553 1567 3642 penetravit,
1619 3553 1746 3644 qui
1804 3553 2069 3624 Cenaei
2121 3555 2633 3624 consuetudine
2690 3554 3102 3638 delectatuS,
3168 3565 3315 3625 sta-

511 3668 644 3737 tim
693 3668 981 3739 admoto
1034 3669 1368 3739 ecclesiae
1419 3669 1624 3738 clavo
1673 3678 1932 3758 patruo
1985 3671 2175 3740 inter
2223 3671 2495 3761 primos
2548 3673 2623 3740 in
2681 3669 3032 3742 familiam
3081 3693 3309 3752 suam,

511 3783 794 3854 volente
850 3783 1204 3875 pontifice,
1266 3785 1596 3866 vocavit3
1665 3804 1810 3875 quo
1877 3787 2034 3876 ipso
2098 3794 2420 3877 tempore
2485 3787 2681 3856 dedit
2746 3787 3052 3878 publico,
3121 3788 3309 3858 dica-

513 3901 762 3990 vitque
827 3919 1018 3971 novo
1084 3900 1416 3991 principi,
1488 3896 1893 3970 Historiam
1969 3900 2057 3970 de
2139 3900 2632 3972 serenissimae
2710 3902 3087 3973 Scotorum
3166 3901 3309 3973 Re-

512 4015 722 4110 ginae
763 4025 837 4086 et
879 4015 1233 4108 Martyris
1277 4016 1556 4087 Mariae
1601 4014 1978 4088 Steuartae
2009 4013 2186 4088 Vita
2218 4037 2238 4099 ς
2291 4039 2476 4109 quae
2526 4027 2611 4087 ut
2657 4027 3029 4108 conspecta
3076 4016 3311 4109 publi-

517 4139 816 4222 cataque
870 4129 1038 4214 fuit,
1091 4139 1464 4223 tantopere
1516 4133 1742 4203 doctis
1800 4133 2418 4224 prudentibusque
2471 4134 2765 4223 placuit,
2826 4141 2910 4203 ut
2977 4155 3123 4204 non
3190 4135 3309 4204 de-

513 4243 807 4326 fuerint,
866 4247 994 4337 qui
1059 4246 1137 4316 in
1205 4247 1531 4341 linguam
1600 4247 1926 4318 Italicam
1995 4248 2295 4318 verterit
2358 4271 2571 4330 unus,
2640 4249 2823 4319 alter
2892 4250 3307 4319 universam

511 4360 997 4431 narrationem
1054 4361 1505 4453 politissimis
1566 4363 1893 4432 versibus
1959 4361 2334 4433 Hetruscis
2395 4364 2807 4445 includeret,
2868 4365 3307 4434 clarissimus

513 4474 646 4556 vir,
709 4491 784 4546 et
840 4476 1278 4548 tersissimus
1331 4485 1576 4571 poeta,
1629 4477 2054 4548 Franciscus
2122 4477 2597 4548 Braciolinus.
2704 4478 3103 4550 Maximam
3168 4482 3312 4553 isto

510 4591 778 4681 scripto
843 4593 1408 4682 expectationem
1477 4593 1666 4683 apud
1743 4614 1990 4663 omnes
2069 4594 2415 4665 excitavit
2496 4595 2771 4689 maj0ra
2853 4597 3023 4666 olim
3108 4619 3309 4687 prae-

510 4704 798 4788 standi3
852 4714 1069 4797 atque
1125 4729 1318 4777 nunc
1374 4730 1547 4800 prae
1595 4709 1927 4782 manibus
1993 4709 2211 4780 habet
2275 4712 2365 4780 de
2432 4710 2830 4805 Religionis
2898 4713 3089 4804 apud
3144 4711 3309 4783 Seo-

511 4827 623 4890 tos
681 4820 758 4890 in
816 4821 1011 4892 hunc
1057 4843 1285 4914 usque
1343 4823 1534 4895 diem
1585 4821 1800 4896 Statu
1850 4825 2423 4917 compendiosam
2478 4827 2877 4912 historiam,
2930 4851 3143 4920 quam
3198 4854 3309 4900 re-
