4384 5817
1138 863 2149 982 HISTORIAE
2233 863 3770 984 ECGLESIASTIGAE

1723 1083 2294 1188 GENTIS
2367 1082 3176 1188 SCOTORUM

2130 1335 2506 1422 LIBER
2562 1337 2766 1423 VII.

1954 1619 2029 1692 S.
2082 1613 2659 1693 GALLANUS.
2765 1615 2938 1693 556.

1048 1815 1121 1886 S.
1183 1813 1656 1887 COLUMBAE
1722 1809 2059 1902 discipuli
2122 1807 2286 1881 aliis
2351 1809 2860 1884 eminentiores
2927 1827 3082 1882 ΧΠ.
3167 1808 3391 1884 fuisse
3470 1811 3848 1905 perhiben-

1044 1942 1217 2020 tur;
1266 1952 1358 2002 ex
1400 1928 1517 2002 his
1565 1937 1609 1972 “
1644 1926 2103 2010 Soendalaus,
2155 1921 2580 2022 Eoglodius,
2631 1924 3026 2010 Totaneus,
3077 1924 3503 2014 Moteferus,
3553 1937 3628 2001 et
3679 1927 3850 2002 Gal-

1040 2050 1275 2131 lanus,
1309 2069 1394 2120 eo
1426 2046 1506 2118 in
1542 2043 1969 2118 Hiberniam
2002 2041 2603 2125 trmmittente,’'
2634 2042 2762 2114 ait.
2777 2039 2988 2116 Hect.
3027 2041 3288 2116 Boeth.
3323 2043 3450 2116 lib.
3487 2063 3606 2118 lx.
3647 2043 3844 2118 Hist.

1042 2162 1236 2236 Scot.
1270 2185 1440 2258 pag.
1474 2177 1796 2235 chvn.
1876 2157 1927 2229 J
1926 2181 2089 2230 oan.
2123 2155 2468 2228 Leslaeus
2513 2157 2640 2230 lib.
2677 2176 2787 2231 ιν.
2835 2179 3004 2256 pag.
3039 2177 3240 2234 cur.
3311 2159 3570 2234 Sedem
3617 2170 3847 2234 statu·

1038 2293 1239 2352 entes
1288 2279 1368 2351 iu
1402 2277 1583 2352 Iona
1624 2277 1885 2359 insula,
1936 2273 2314 2347 Scotorum
2367 2272 2880 2370 Pictorumque
2929 2277 3260 2374 regiones
3291 2278 3436 2372 piis
3468 2277 3844 2352 lustrando

1038 2395 1446 2478 sudoribus,
1497 2393 1839 2475 docendo,
1888 2390 2326 2474 disserendo,
2375 2389 2772 2476 scribendo,
2819 2401 3212 2488 utrumque
3259 2396 3612 2488 populum
3661 2395 3846 2487 opti.

1036 2513 1177 2585 mis
1226 2511 1549 2584 moribus
1596 2531 1683 2582 ac
1730 2507 2079 2604 religione
2124 2505 2566 2580 imbuerunt.
2665 2505 2844 2582 Fuit
2877 2531 3050 2606 ergo
3081 2511 3163 2582 in
3198 2507 3380 2583 Iona
3411 2511 3652 2584 insula
3681 2509 3846 2584 Soo-

1034 2638 1279 2702 torum
1335 2629 1457 2700 hic
1512 2626 1757 2710 abbas,
1816 2624 2025 2720 cujus
2073 2621 2416 2716 frequens
2471 2624 2668 2715 apud
2725 2625 2802 2698 S.
2862 2624 3380 2700 Adamannum
3437 2627 3710 2700 mentio
3767 2629 3846 2700 in

1034 2742 1216 2816 Vita
1244 2743 1321 2818 S.
1357 2741 1771 2826 Columbae,
1804 2740 1974 2813 licet
2006 2740 2296 2812 nomine
2329 2761 2610 2832 semper
2642 2750 3002 2834 corrupto,
3050 2752 3139 2814 ut
3179 2765 3315 2836 pro
3347 2741 3532 2816 Iona
3559 2745 3843 2840 legatur

1032 2861 1239 2934 Ioua.
1284 2860 1449 2933 Lib.
1480 2877 1534 2934 1.
1560 2881 1719 2952 cap.
1744 2875 1897 2930 ΧΠ.
1926 2866 1972 2900 “
1993 2856 2198 2929 Inter
2224 2855 2476 2928 Iouam
2503 2865 2579 2928 et
2599 2855 2942 2930 Ethicam
2961 2859 3028 2944 ;”
3053 2867 3128 2930 et
3151 2881 3306 2952 cap.
3337 2877 3478 2932 xv,
3509 2869 3554 2902 ‘⁶
3571 2859 3740 2954 Ipse
3761 2862 3840 2932 in

1036 2976 1219 3052 Ioua
1249 2979 1489 3050 insula
1520 2993 2000 3057 commanens,
2034 2972 2404 3056 fratribus,
2439 2973 2567 3066 qui
2601 2973 2692 3044 ad
2723 2995 3061 3066 praesens
3095 2976 3404 3062 inerant,
3435 2999 3570 3070 per
3599 2979 3842 3050 omnia

1034 3095 1401 3167 enarravit
1428 3094 1495 3180 ;’'
1562 3101 1639 3166 et
1686 3113 1841 3184 cap.
1889 3105 2143 3162 xxm.
2206 3096 2253 3130 ‘⁶
2295 3085 2604 3161 Sanctus
2659 3090 2744 3160 in
2801 3086 2986 3162 Ioua
3031 3113 3460 3165 conversans
3509 3093 3748 3166 insula
3775 3095 3838 3179 3⁹²

1030 3211 1263 3301 capite
1296 3227 1507 3282 xxx.
1546 3217 1593 3252 ‘⁸
1624 3207 1811 3281 Cum
1846 3214 2137 3280 sanctus
2168 3204 2252 3278 in
2283 3202 2465 3277 Ioua
2493 3205 2858 3278 habitaret
2899 3208 3162 3292 insula,
3206 3229 3436 3282 unum
3471 3231 3564 3281 ex
3595 3207 3840 3282 fratri-

1032 3328 1167 3398 bus
1200 3327 1557 3398 advocans
1582 3327 1647 3411 ;”
1680 3322 1806 3396 lib.
1835 3340 1925 3395 11.
1952 3343 2108 3414 cap.
2135 3337 2214 3392 V.
2251 3329 2298 3363 ‘⁸
2329 3320 2518 3394 Cum
2549 3331 2842 3396 sanctus
2877 3325 2958 3394 in
2992 3322 3172 3396 Ioua
3203 3325 3698 3398 demoraretur
3727 3329 3838 3399 in-

1030 3445 1189 3514 sula
1200 3443 1265 3528 ;”
1284 3463 1443 3537 cap.
1464 3458 1653 3514 xm.
1672 3450 1728 3492 -“
1750 3438 2198 3512 Baitheneus
2215 3463 2264 3510 a
2283 3447 2502 3531 portu
2527 3439 2747 3512 louae
2771 3440 3164 3536 enavigans
3177 3441 3244 3526 ;”
3277 3450 3352 3513 et
3367 3439 3492 3513 lib.
3515 3443 3837 3538 ejusdem

1030 3560 1269 3651 operis
1304 3576 1429 3630 111.
1467 3567 1512 3603 “
1542 3555 1685 3630 Vir
1716 3565 2009 3630 sanctus
2042 3553 2121 3626 in
2149 3552 2334 3626 Ioua
2361 3576 2794 3628 conversans
2827 3555 3086 3640 insula,
3113 3557 3568 3658 remotiorem
3592 3561 3688 3633 ab
3711 3561 3838 3634 ho-

1030 3675 1347 3748 minibus
1366 3676 1627 3760 locum,
1650 3682 2044 3767 aptumque
2064 3671 2151 3743 ad
2178 3670 2599 3756 orationem,
2611 3671 2690 3744 in
2713 3673 3048 3744 salicibus
3067 3673 3426 3766 quaesivit
3437 3673 3503 3760 ;’'
3527 3697 3681 3768 cap.
3696 3693 3836 3749 xv·

1034 3799 1077 3832 ‘⁶
1109 3790 1311 3864 Dum
1344 3792 1463 3864 vir
1495 3790 1947 3864 venerandus
1978 3787 2057 3862 in
2091 3787 2277 3860 Ioua
2307 3797 2850 3860 conversaretur
2879 3789 3120 3862 insula
3142 3788 3214 3874 ;’'
3263 3800 3338 3862 et
3367 3813 3522 3885 cap.
3559 3811 3832 3866 xxvn.

1032 3919 1077 3950 ‘⁶
1112 3908 1203 3980 In
1236 3909 1533 3980 occidua
1564 3907 1803 3980 insula
1836 3902 2015 3978 Ioua
2046 3905 2454 3978 laborantes
2483 3905 2542 3974 =”
2592 3906 2856 3998 quibus
2896 3906 3232 3979 omnibus
3261 3908 3439 3980 locis
3471 3909 3836 4006 corrigen-

1030 4029 1206 4098 dum
1238 4034 1370 4110 est,
1408 4019 1607 4096 Iona
1639 4016 1903 4094 insula.
2006 4021 2149 4094 Est
2197 4021 2392 4094 enim
2443 4021 2536 4093 ad
2584 4021 3014 4094 occidentem
3063 4021 3366 4108 scotiae,
3417 4025 3498 4096 in
3547 4025 3837 4100 Oceano

1030 4141 1560 4214 Deucaledonio
1606 4139 1866 4234 posita,
1920 4139 2304 4211 sanctitate
2354 4135 2450 4208 D.
2501 4136 2914 4224 Columbae,
2977 4149 3053 4210 et
3101 4140 3556 4214 monasteriis
3605 4143 3702 4215 ab
3748 4167 3836 4216 eo

1032 4258 1281 4330 multis
1312 4255 1495 4328 inibi
1528 4257 1805 4338 erectis,
1840 4254 2422 4338 celebratissima,
2467 4275 2722 4350 regum
2767 4255 2986 4326 etiam
3033 4255 3412 4328 Scotorum
3457 4258 3832 4349 sepultura

1032 4373 1434 4456 nobilitata,
1487 4373 1617 4465 qui
1668 4372 1899 4445 honor
1942 4394 1987 4443 a
2031 4370 2388 4466 Fergusio
2438 4369 2536 4441 ΙΙ.
2588 4391 2758 4466 rege
2803 4372 3128 4455 collatus,
3173 4373 3302 4466 qui
3347 4381 3422 4445 et
3465 4373 3828 4447 abbatiam

1030 4490 1295 4564 ibidem
1376 4487 1831 4584 magnificam
1898 4489 2264 4560 exstruxit
2325 4487 2512 4560 circa
2575 4509 2846 4560 annum
2917 4505 3330 4560 ccccxxx,
3385 4491 3642 4562 salutis
3693 4490 3830 4563 hu-

1029 4630 1222 4680 man.
1292 4604 1555 4678 Boeth.
1586 4603 1715 4674 lib.
1744 4621 1889 4676 vn.
1928 4602 2212 4676 Histor.
2247 4601 2437 4676 Scot.
2465 4626 2632 4700 pag.
2669 4623 2901 4676 cxlx.
2969 4602 3234 4676 Postea
3257 4605 3562 4680 Sconam
3590 4613 3827 4700 sepul·

1027 4740 1197 4802 tura
1242 4747 1499 4824 regum
1548 4725 1923 4807 translata,
1982 4723 2109 4794 sed
2158 4721 2390 4794 serius
2439 4723 2554 4792 uti
2603 4731 2676 4793 et
2726 4719 3092 4806 Pertham,
3145 4743 3312 4792 cum
3361 4723 3598 4796 medio
3647 4734 3828 4798 tem-

1026 4867 1201 4938 pore
1246 4845 1325 4916 in
1373 4841 1809 4916 monasterio
1857 4837 2473 4914 Dumfermelinae
2522 4837 2616 4910 ab
2655 4833 2954 4932 Edgaro
2999 4835 3058 4910 1.
3107 4859 3360 4910 omnes
3407 4860 3612 4936 reges
3663 4863 3830 4914 con-
