4384 5817
1230 617 1588 688 GENTIS
1635 615 2197 698 scoToRUM,
2244 615 2427 684 LIB.
2474 615 2607 685 111.
3178 617 3309 688 189

1381 805 1861 882 EXORDIU
1861 807 1944 880 M
1996 806 2416 880 SUMET.”

595 925 810 999 Hanc
843 948 1015 998 sane
1048 925 1323 1021 ingenii
1358 925 1906 996 ostentationem
1932 925 2300 996 lubentius
2324 922 2611 1006 ferrem,
2638 933 2713 995 et
2736 921 3073 1020 fidentius
3098 945 3303 1016 prae-

485 1043 832 1126 dicarem,
869 1063 1090 1135 quam
1125 1063 1409 1134 possem
1441 1041 1596 1133 pati
1622 1040 2060 1134 jactabunde
2076 1039 2195 1112 .ad
2236 1037 2516 1110 Scotiae
2552 1061 2755 1134 reges
2800 1061 3030 1135 genus
3072 1040 3303 1131 ipsius

484 1151 996 1243 referendum3
1059 1179 1228 1230 nam
1289 1157 1504 1226 inane
1553 1164 1664 1227 est
1715 1178 1800 1227 ea
1847 1179 1924 1228 ne
1971 1157 2212 1252 gentis
2260 1162 2390 1226 aut
2438 1155 2813 1250 sanguinis
2862 1155 3093 1251 gloria
3142 1177 3303 1246 per-

483 1295 739 1365 peram
807 1281 1148 1368 arrogata
1203 1273 1632 1360 venditare„
1667 1294 1832 1344 cum
1899 1281 2108 1344 tanta
2172 1271 2529 1342 claritudo
2594 1271 2676 1341 in
2741 1273 2949 1344 tenui
3002 1271 3301 1345 fortuna

485 1387 798 1460 ridicula
859 1387 1239 1473 videatur3
1301 1409 1524 1481 quare
1589 1395 1676 1459 ut
1719 1411 1975 1460 verum
2031 1389 2129 1459 sit
2187 1387 2539 1460 familiam
2598 1386 2935 1459 Cluuiam
2987 1387 3301 1460 nobilem

485 1525 668 1587 esse,
723 1504 832 1575 ita
887 1505 1070 1576 illud
1123 1504 1776 1589 mendacissimum,
1826 1527 2031 1600 reges
2074 1503 2357 1576 Scotiae
2413 1501 2464 1574 J
2464 1504 2667 1576 aeobi
2718 1503 3029 1576 Critonii
3076 1503 3304 1598 majo-

487 1639 609 1690 res
675 1621 862 1692 ullos
931 1620 1280 1704 extitisse,
1349 1621 1545 1714 qnod
1602 1629 1848 1692 tamen
1903 1623 1982 1694 in
2043 1623 2346 1714 epistola
2404 1621 2497 1692 ad
2546 1620 3165 1693 commentarium
3220 1622 3303 1692 in

493 1732 877 1808 Paradoxa
937 1735 1256 1807 liminari
1313 1739 1621 1809 asseruit
1676 1735 1914 1810 Aldus
1965 1737 2368 1820 Manutius,
2428 1739 2593 1829 plus
2642 1737 2869 1808 nimio
2918 1738 2998 1808 in
3053 1737 3301 1810 laudes

493 1852 872 1946 sanguinis
933 1860 1007 1923 et
1063 1850 1380 1923 familiae
1439 1853 1732 1926 effusus.
1855 1853 2019 1924 Hoc
2073 1854 2237 1924 ideo
2292 1852 2599 1945 plenius,
2658 1859 2747 1923 ut
2794 1855 3133 1924 mortales
3188 1853 3303 1923 in-

493 1965 831 2061 telligant
899 1985 1118 2059 quam
1183 1967 1499 2060 insipida
1566 1971 1666 2042 sit
1737 1969 2191 2063 quorundam
2261 1968 2697 2040 nostratium
2768 1969 3299 2041 adolescentum

487 2081 729 2166 elatio,
789 2083 920 2176 qui
965 2103 1042 2154 se
1089 2083 1431 2156 vilescere
1480 2085 1673 2177 apud
1723 2095 2005 2158 exteros
2055 2083 2497 2167 existimant,
2558 2083 2705 2156 nisi
2748 2083 3066 2178 specioso
3113 2084 3297 2179 regii

487 2197 868 2294 sanguinis
901 2199 1119 2271 titulo
1151 2223 1230 2271 se
1263 2202 1945 2282 commendaverint,
1992 2197 2190 2292 quod
2240 2198 2367 2270 vix
2400 2221 2726 2294 unquam
2766 2223 2814 2272 a
2858 2221 3027 2272 vere
3072 2199 3295 2273 nobili
3424 2226 3431 2232 ·

489 2311 650 2384 viro
682 2312 840 2385 fieri
873 2315 1380 2388 animadverti.
1481 2317 1622 2388 Sed
1656 2317 1749 2388 ad
1779 2337 1934 2388 rem
1967 2315 2205 2388 redeo.

588 2425 780 2524 EJus
807 2441 1033 2502 sunt:

783 2545 988 2618 Odae
1021 2549 1115 2618 ad
1149 2545 1626 2620 Laurentium
1663 2549 1984 2622 Massam
2015 2551 2259 2642 plures
2577 2549 2705 2621 lib.
2742 2567 2797 2621 1.

787 2661 1074 2735 Laudes
1108 2663 1506 2735 Patavinae
2578 2667 2707 2738 lib.
2744 2685 2797 2738 Ι.
2850 2665 3161 2740 Carmen
3207 2691 3299 2742 ex

882 2787 1207 2872 tempore
1231 2779 1566 2864 effusum,
1591 2803 1754 2852 cum
1777 2781 1856 2852 in
1886 2778 1939 2850 J
1937 2779 2139 2852 aeobi
2173 2778 2461 2874 Aloysii
2494 2779 2811 2854 Cornelii
2844 2783 3057 2856 domo
3088 2807 3297 2878 expe-

887 2894 1284 2965 rimentum
1315 2895 1590 2990 ingenii
1623 2918 1865 2967 eoram
1897 2905 2056 2969 tota
2077 2896 2481 2970 academiae
2512 2897 2941 2991 frequentia,
2968 2921 3117 2972 non
3142 2901 3297 2973 sine

890 3011 1286 3081 multorum
1319 3019 1636 3103 stupore,
1669 3010 1956 3084 faceret.
3330 3021 3337 3028 ”

791 3123 1281 3219 Ignorationis
1315 3125 1677 3200 Laudatio
2571 3131 2697 3204 lib.
2735 3148 2789 3202 1.
2898 3130 3295 3226 Extempo-

883 3241 1034 3312 rale
1069 3241 1316 3312 thema
1346 3243 1612 3315 ibidem
1646 3245 2009 3317 redditum
2036 3256 2204 3338 post
2227 3269 2357 3320 sex
2378 3248 2721 3320 horarum
2747 3249 3293 3342 disputationes»,

885 3367 974 3430 nt
1031 3367 1442 3449 praesentes
1498 3360 1783 3430 somnia
1838 3364 2081 3453 potius
2134 3363 2403 3447 fovere,
2452 3385 2671 3456 quam
2720 3386 2877 3436 rem
2926 3385 3004 3436 se
3050 3386 3295 3436 veram

889 3474 1158 3558 videre,
1191 3473 1640 3560 affirmarim,
1677 3477 1782 3548 ait
1817 3476 2217 3552 Manutius.

781 3587 896 3660 De
927 3579 1275 3683 Appulsu‘
1299 3613 1432 3663 suo
1465 3591 1808 3665 Venetias
2530 3683 2533 3688 Ι
2570 3596 2695 3667 lib.
2735 3605 2789 3668 1.
2826 3619 3017 3688 epos.

785 3704 989 3777 Odae
1013 3707 1115 3777 -ad
1146 3703 1422 3778 Aldum
1457 3708 1876 3784 Manutimn
2580 3713 2706 3785 lib.
2743 3729 2797 3783 1.

777 3817 1154 3913 Epistolae
1179 3823 1274 3894 ad
1308 3823 1629 3896 diversos
2576 3829 2702 3902 lib.
2742 3847 2796 3900 1.

787 3935 1282 4010 Praefationes
1338 3943 1690 4012 solemnes
1739 3941 1819 4012 in
1866 3963 2112 4013 omnes
2163 3940 2496 4014 scientias

887 4073 1127 4124 sacras
1161 4063 1235 4126 et
1257 4055 1606 4148 profanas
2580 4062 2705 4133 lib.
2748 4079 2801 4133 1.

784 4165 835 4238 J
835 4168 1152 4240 udicium
1194 4171 1282 4240 de
1317 4169 1776 4264 Philosophia
2575 4177 2701 4248 lib.
2738 4197 2793 4249 1.

787 4281 1098 4356 Errores
1131 4284 1552 4358 Aristotelis
2412 4309 2417 4314 ·
2577 4294 2702 4367 lib.
2740 4312 2794 4366 1.

785 4395 1170 4471 Refutatio
1203 4399 1883 4475 Mathematicorum
2580 4410 2709 4483 lib.
2747 4428 2801 4482 1.

786 4511 1039 4585 Armis
1073 4537 1164 4586 an
1199 4517 1450 4588 literae
1481 4527 1848 4610 praestent
1872 4519 1908 4589 Ρ
2196 4559 2199 4564 -
2578 4527 2702 4600 lib.
2740 4545 2794 4599 1.
2812 4531 3297 4602 controversia

884 4632 1227 4705 oratoria.
3238 4655 3245 4660 ’

586 4744 797 4817 Vixit
831 4767 1022 4818 anno
1059 4763 1492 4820 Manxxl.
1536 4747 1790 4822 Plures
1823 4753 2044 4825 libros
2061 4759 2487 4831 memoriter
2516 4759 2825 4844 tenebat,
2859 4784 3075 4855 quam
3102 4763 3299 4855 quis-

483 4881 706 4953 quam
735 4885 821 4935 ea
843 4870 1078 4936 aetate
1111 4865 1406 4960 legerat.
1457 4864 1670 4938 Felix
1693 4866 2028 4943 Astolfus
2047 4871 2126 4942 in
2147 4867 2453 4946 Officina
2474 4873 2843 4948 Historica
2866 4878 3133 4974 pagina
3154 4893 3295 4950 011.
