4384 5817
1236 597 1595 670 GENTIS
1642 591 2206 677 scomnmfi,
2249 591 2438 665 Lm.
2472 593 2636 666 vn.
3225 589 3358 660 ³09

542 795 869 870 Lection.
902 809 1085 888 quas
1120 789 1225 865 H.
1257 790 1597 864 Canisius
1628 788 2049 886 publicavit.
2148 785 2462 882 Scripsit

539 955 549 964 -
844 909 971 983 Ad
1005 908 1340 982 Boiai-ios
1378 906 1738 980 Homilias
2335 903 2464 977 lib.
2499 919 2554 975 1.

643 1026 929 1102 claruit
958 1047 1153 1100 anno
1185 1041 1509 1098 ncxxx.
1542 1033 1674 1097 aut
1706 1022 2013 1098 circiter.
2178 1071 2185 1076 -

1412 1255 1491 1330 s.
1535 1223 2198 1330 summane.
2302 1257 2474 1334 5⁷⁵.

548 1492 623 1564 S.
646 1490 1194 1576 GUNIFOBTIS,
1213 1489 1663 1564 nobil‘nsimo
1682 1491 1839 1561 loco
1854 1497 2099 1576 natus,
2120 1489 2210 1561 in.
2224 1487 2444 1564 Italia
2463 1483 3089 1583 peregrinabatur,
3113 1481 3354 1557 Theo-

552 1609 755 1682 dosio
790 1607 1184 1681 Mediolani
1216 1615 1498 1704 agente,
1546 1615 1623 1680 et
1654 1604 1749 1678 ab
1778 1604 2187 1680 infidelibus
2221 1614 2498 1700 captus,
2545 1603 2976 1700 sagittisque
3010 1599 3356 1684 confixus,

549 1723 793 1796 Ticini
826 1725 1245 1817 exspiravit,
1277 1725 1421 1797 ubi.
1439 1745 1701 1818 corpus
1734 1721 2017 1794 duabus
2059 1723 2127 1794 ei
2160 1723 2460 1795 ctmctis
2491 1718 2806 1794 ecclesiis
2839 1737 3108 1812 magna
3137 1717 3356 1790 mira·

550 1842 874 1913 culorum
906 1840 1139 1937 gloria
1173 1849 1609 1914 asservatur.
1711 1836 1905 1910 Acta
1932 1860 2083 1912 non
2114 1839 2292 1923 vidi,
2326 1838 2452 1910 sed
2483 1834 2774 1930 publica
2816 1833 3016 1907 fama
3060 1829 3359 1906 Scotum

548 1955 744 2030 fadt.
846 1955 1135 2029 Colitur
1182 1957 1301 2028 die
1350 1973 1569 2029 xxn.
1618 1955 1971 2054 Aug-usti.
2073 1954 2557 2051 Martyrolog.
2612 1953 2926 2026 Roman.
2979 1953 3355 2026 Mombrit.

548 2083 725 2148 tom.
762 2091 817 2146 1.
918 2071 1207 2166 Scripta
1238 2095 1389 2146 non
1412 2081 1697 2146 extant.

646 2188 936 2262 Floruit
968 2211 1159 2262 anno
1190 2203 1613 2262 ccccxvn.
1646 2197 1779 2262 aut
1809 2187 2121 2262 circiter.
2217 2186 2444 2262 Plura
2475 2185 2556 2261 in
2585 2183 2814 2261 fratrc
2842 2207 2984 2264 suo
3013 2207 3360 2284 germano

552 2305 623 2380 S.
661 2303 1098 2392 Gunibddo,
1130 2306 1341 2402 cujus
1374 2305 1653 2379 mentio
1684 2307 2039 2401 sequitur.

1396 2536 1475 2612 8.
1521 2534 2222 2618 GUNIBALDUS.
2323 2533 2499 2616 576.

552 2771 627 2844 S.
651 2770 1227 2856 GUNIBALDUS,
1246 2769 1479 2844 frater
1499 2792 1889 2868 germanus
1915 2768 1993 2844 S.
2014 2769 2452 2858 Gunifortis,
2479 2770 3084 2867 peregrinationis
3108 2771 3366 2858 socius,

554 2890 679 2962 sed
701 2889 1061 2981 martyrio
1084 2888 1289 2982 prins
1312 2886 1735 2971 honoratus,
1768 2887 1859 2984 de
1888 2886 2159 2981 quibus
2188 2887 2372 2960 haec
2403 2896 2576 2960 sunt
2600 2885 2856 2961 Jacobi
2881 2886 3151 2973 Gualii,
3173 2886 3246 2962 J.
3283 2889 3366 2962 C.

555 3005 777 3078 verba
806 3004 889 3077 in
924 3003 1354 3077 Sanctuario
1378 3003 1695 3098 Papiaez
1732 3012 1777 3047 ‘⁶
1810 3003 2272 3089 Grunifortus,
2306 3003 2590 3078 Scotica
2618 3014 2836 3102 gente
2869 3014 3112 3090 natus,
3145 3004 3372 3081 nobili

553 3143 835 3220 genere,
865 3122 1357 3218 giganteoque
1390 3099 1709 3216 corpore,
1743 3143 1911 3194 cum
1944 3122 2139 3213 apud
2172 3141 2335 3192 cam
2365 3120 2725 3194 Senticam
2768 3131 3061 3218 gentem
3103 3144 3373 3218 mag-na

552 3239 827 3312 flueret
883 3239 1311 3330 persecutio,
1368 3238 1652 3332 sibique
1704 3246 1896 3310 esset
1948 3236 2148 3310 cordi
2197 3259 2334 3331 pro
2384 3235 2682 3310 Christo
2735 3238 2946 3324 mori,
2999 3248 3075 3312 et
3135 3241 3366 3310 altum

554 3377 727 3428 suae
774 3355 1039 3426 menfis
1088 3355 1380 3426 arderet
1427 3362 1703 3439 votum,
1753 3355 2081 3447 potentia
2124 3353 2394 3426 :nobilis
2441 3375 2618 3425 suae
2663 3351 2984 3426 familiae
3031 3353 3370 3448 impediri

556 3472 855 3556 veritus,
908 3493 1073 3546 cum
1124 3471 1353 3543 fratre
1396 3491 1539 3544 suo.
1582 3467 1997 3544 Gunibaldo
2041 3495 2131 3545 ac
2175 3471 2461 3544 duabus
2513 3469 2880 3542 sororibus
2929 3473 3249 3564 perrexit
3293 3472 3373 3543 in

555 3586 1049 3674 Germaniam,
1088 3588 1216 3660 ubi
1238 3621 1245 3626 ·
1264 3586 1671 3660 Christiani
1720 3587 1943 3661 variis
1992 3589 2376 3662 tormentis
2421 3587 2975 3661 occidebantur:
3023 3589 3239 3672 unde,
3285 3599 3373 3662 ut

556 3725 807 3776 eorum
836 3713 1095 3776 votum
1136 3704 1616 3798 perducerent
1662 3705 1758 3778 ad
1804 3703 2161 3791 effectum,
2213 3703 2494 3776 Christi
2542 3705 2710 3778 fidei
2759 3701 3053 3776 flamma
3099 3705 3374 3778 incensi

559 3842 827 3916 magno
887 3821 1155 3913 spiritu
1213 3823 1417 3892 illm
1477 3821 2009 3914 praedicabant.
2130 3821 2348 3894 Tunc
2405 3821 2817 3914 capiuntur,
2873 3829 2952 3894 et
3002 3823 3374 3915 suppliciis

557 3935 944 4009 crudeliter
968 3939 1395 4021 caeduntur,
1420 3936 1639 4021 unde,
1660 3935 1800 4008 Dei
1826 3939 2101 4012 virtute
2124 3947 2490 4032 operante,
2514 3941 2896 4010 salvantur
2917 3937 3060 4032 ipsi
3085 3938 3369 4024 fratreS,

560 4075 841 4125 sorores
876 4073 1075 4137 vero,
1110 4075 1373 4148 genere
1428 4063 1503 4127 et
1552 4054 1789 4126 forma
1837 4055 2218 4148 speciosae,
2265 4055 2730 4148 speciosiores
2774 4053 2915 4126 fide
2962 4065 3041 4126 et
3071 4054 3378 4152 virgini-

560 4171 737 4240 tatis
804 4173 986 4255 zelo,
1060 4179 1405 4262 superata
1468 4169 1787 4242 feminea
1844 4171 2263 4266 fragilitate,
2328 4172 2711 4244 accedente
2777 4173 2998 4243 etiam
3063 4171 3382 4244 fratrum

567 4285 1094 4372 exhortatione,
1132 4287 1369 4358 oculis
1392 4307 1477 4358 ac
1509 4287 1855 4359 manibus
1891 4289 1969 4358 in
2020 4290 2299 4360 coelum
2347 4289 2673 4375 intentis,
2727 4287 3109 4362 Christum
3157 4289 3377 4362 confi-

563 4409 821 4488 tentes,
856 4403 1599 4477 crncntissimacaede
1634 4405 1969 4498 martyrii
2002 4406 2318 4498 palmam
2342 4405 2887 4497 adipiscuntur:
2923 4405 3185 4497 quibus
3219 4414 3374 4476 tam

564 4519 787 4611 impie
854 4520 1274 4613 peremptis,
1344 4519 1783 4593 Gunifortus
1850 4519 2448 4614 Gunibeldusque
2517 4523 2685 4594 inde
2743 4523 3206 4605 discedentes,
3267 4541 3385 4592 su-

564 4635 835 4725 peratis
900 4634 1243 4729 Alpibus,
1310 4637 1756 4712 descendunt
1820 4639 1901 4710 in
1968 4635 2259 4709 Italiam
2313 4641 2410 4711 ad
2470 4637 2858 4711 camaram
2917 4658 3150 4730 usque
3207 4637 3381 4709 civi-

566 4756 815 4833 tatem,
848 4750 977 4823 ubi
1010 4752 1230 4824 etiam
1266 4751 1665 4826 Christiani
1720 4755 2106 4827 crudeliter
2152 4755 2706 4841 mactabantur3
2767 4765 2944 4827 tunc
2991 4753 3094 4826 ibi
3131 4755 3222 4827 ad
3255 4776 3385 4848 po-

565 4865 823 4957 pulum
873 4865 1089 4940 fidem
1125 4865 1403 4942 Christi
1452 4870 1602 4941 alta
1652 4892 1827 4943 voce
1875 4873 2129 4944 tollere
2178 4881 2597 4966 coeperunt,
2649 4875 2920 4960 multos
2969 4872 3188 4944 etiam
3239 4893 3387 4966 quo
