4384 5817
1116 595 1244 660 178
1879 593 2351 662 HISTORIA
2395 591 3149 666 ECCLESIASTICA

1123 807 1301 856 auro
1359 795 1433 857 et
1490 794 1812 880 argento,
1871 785 2152 856 coronis
2197 793 2273 856 et
2315 787 2648 870 lucernis,
2694 795 2769 858 et
2813 788 3146 861 omnibus
3192 787 3397 860 bonis
3444 791 3681 866 locum
3724 799 3914 870 hunc

1121 901 1431 996 gloriose
1465 901 1864 992 provexit.”
1946 899 2291 972 Meminit
2322 908 2397 972 et
2428 899 2775 973 Wicelius
2800 903 3057 997 junior
3086 906 3167 976 in
3192 903 3371 978 Vita
3400 905 3473 978 S.
3516 908 3915 985 Bonifacii:

1649 1049 2043 1130 Progenerans
2069 1049 2344 1130 quosdam
2374 1047 2580 1130 Stygio
2604 1067 2639 1106 e
2664 1047 2883 1108 foetore
2908 1021 3215 1120 scatentes,

1647 1145 1975 1226 Insipidnm
2003 1145 2339 1214 Albertnm,
2368 1144 2731 1204 Clementem
2756 1153 2819 1204 et
2844 1143 3059 1204 finibus
3082 1144 3289 1215 isdem,

1651 1241 2008 1310 samsonem,
2039 1241 2258 1310 Scotos,
2286 1229 2494 1302 sinceri
2519 1238 2805 1318 dogmatis
2828 1237 3042 1309 hostes,

1651 1335 1958 1398 Audentes
1986 1356 2158 1398 sanae
2184 1335 2481 1396 doctrinae
2505 1351 2793 1414 opponere
2820 1333 3025 1394 sancti.

1217 1486 1520 1580 Scripsit
1553 1508 1774 1578 super
1809 1495 2008 1558 mota
2039 1484 2548 1565 controversia,

1415 1602 1506 1674 In
1541 1600 2000 1672 Bonifacium
2910 1601 3037 1673 lib.
3076 1619 3129 1672 1.

1416 1719 1530 1790 De
1564 1717 2051 1790 Grammatica
2915 1717 3041 1790 lib.
3078 1734 3133 1788 1.
3184 1725 3271 1790 ut
3302 1739 3394 1790 ex
3426 1718 3589 1792 MS.
3624 1735 3913 1816 apparet

1504 1834 1664 1930 jam
1698 1834 2026 1925 proxime
2065 1834 2384 1904 laudato.

1415 1951 1784 2043 Epistolas
1818 1949 1910 2019 ad
1943 1951 2327 2040 populares
2364 1946 2613 2021 Scotos
2907 1949 3033 2021 lib.
3074 1967 3126 2022 1.

1417 2067 1530 2138 De
1566 2064 2034 2136 Eucharistia
2912 2064 3040 2136 lib.
3080 2083 3131 2134 1.

1212 2184 1654 2256 Damnatum
1690 2180 1947 2250 volunt
1979 2201 2024 2248 a
2055 2177 2128 2248 S.
2165 2177 2513 2251 Zacharia
2546 2180 2879 2272 pontifice
2916 2180 2993 2250 in
3039 2184 3315 2274 synodo
3361 2183 3691 2256 Romana
3732 2207 3913 2258 anno

1117 2315 1474 2372 DCCXLV.
1509 2297 1770 2368 obiisse
1803 2316 1978 2366 vero
2007 2303 2311 2385 putatur
2346 2312 2585 2367 Dccl..
2668 2294 2759 2366 In
2792 2295 3092 2365 concilio
3126 2292 3560 2370 Vercellensi
3595 2321 3642 2370 a
3680 2299 3913 2371 Leone

1116 2415 1256 2487 IX.
1292 2413 1651 2508 pontifice,
1680 2410 2040 2481 damnatis
2063 2408 2291 2492 libris,
2326 2409 2567 2500 ipsum
2593 2432 2741 2482 non
2764 2409 2989 2481 fuisse
3014 2411 3461 2498 damnatum,
3488 2415 3729 2506 prodit
3749 2413 3907 2486 Ful-

1115 2554 1268 2628 gos.
1305 2531 1430 2602 lib.
1467 2547 1520 2600 1.
1558 2550 1711 2620 cap.
1753 2545 1806 2596 1.
1841 2525 1930 2595 de
1964 2523 2158 2594 Dict.
2196 2526 2635 2597 memorabil.

2059 2755 2152 2826 B.
2188 2754 2625 2828 CLEMEN
2626 2757 2697 2830 S.
2802 2763 2975 2830 308.

1119 2997 1447 3068 MULTIS
1505 3002 1669 3088 post
1728 2992 1860 3063 hos
1919 2991 2173 3061 seculis
2234 2987 2565 3062 Clemens
2624 2989 2879 3064 Scotus
2936 2991 3457 3064 Dominicanus
3516 3015 3607 3066 ex
3663 2993 3915 3081 Gallia,

1123 3113 1664 3184 commendante
1743 3129 1906 3178 eum
1985 3106 2143 3198 ipso
2222 3105 2296 3175 S.
2364 3105 2745 3176 Dominico
2811 3103 3229 3178 Alexandro
3294 3109 3451 3204 regi
3527 3111 3605 3180 in
3670 3109 3920 3182 Galliis

1123 3228 1388 3324 agenti,
1449 3229 1529 3298 in
1596 3225 1910 3296 Scotiam
1979 3245 2142 3293 cum
2204 3238 2350 3290 v11.
2422 3220 2771 3292 fratribus
2830 3223 3135 3316 traiecit,
3194 3233 3269 3294 et
3328 3223 3617 3295 Bervici
3682 3247 3923 3297 mona-

1117 3345 1424 3414 sterium
1461 3342 1734 3414 ordinis
1768 3341 1881 3410 sui
1920 3339 2148 3409 erexit
2181 3336 2319 3407 sub
2352 3338 2639 3408 nomine
2672 3337 2748 3408 S.
2786 3335 3197 3408 Trinitatis.
3273 3339 3561 3411 Floruit
3584 3349 3631 3382 ‘⁶
3650 3343 3769 3412 vir
3790 3342 3923 3412 fide

1117 3468 1189 3530 et
1240 3458 1636 3530 virtutibus
1689 3455 2007 3548 plenus‚’'
2061 3455 2166 3524 ait
2226 3452 2553 3523 Leander
2610 3451 2899 3524 Alberti
2949 3453 3427 3526 Bononiensis
3478 3456 3603 3527 lib.
3656 3474 3781 3528 111.
3836 3458 3924 3528 de

1120 3573 1283 3646 Vir.
1345 3575 1605 3644 illustr.
1668 3571 2151 3642 Praedicator.
2208 3567 2527 3662 Egregie
2576 3568 2779 3638 illum
2832 3591 2877 3640 a
2925 3569 3152 3640 literis
3204 3579 3279 3641 et
3325 3571 3593 3662 pietate
3642 3573 3923 3644 extollit

1120 3691 1504 3781 Philippus
1540 3687 1878 3778 Wolpius
1902 3684 2028 3755 lib.
2059 3702 2180 3754 111.
2209 3683 2298 3753 de
2325 3682 2733 3754 Peritorum
2762 3682 3106 3755 Virorum
3141 3682 3360 3757 Vitis.
3446 3685 3751 3758 Dublini
3779 3689 3925 3781 epi-

1121 3815 1492 3897 scopatum
1547 3803 1850 3897 gessisse
1894 3808 2197 3872 constat.
2308 3799 2715 3890 Stephanus
2776 3799 3177 3893 Sampayus
3234 3801 3313 3870 in
3372 3800 3785 3887 Stemmate,
3852 3815 3923 3876 et

1121 3919 1172 3990 J
1172 3943 1333 3992 oan.
1365 3918 1678 3990 Michael
1702 3917 2001 3988 Plodius
2028 3914 2503 3986 Bononiensis
2530 3913 2937 3987 Annalibus
2962 3916 3629 3989 Dominicanorum.
3688 3917 3922 4013 Scrip-

1121 4039 1218 4108 sit

1421 4151 1818 4223 Conciones
3009 4148 3138 4220 lib.
3176 4169 3229 4222 1.

1422 4266 1670 4338 Vitam
1707 4265 1780 4336 S.
1818 4265 2177 4337 Dominici
3009 4265 3134 4337 lib.
3173 4285 3227 4337 1.
3275 4265 3619 4341 Forduno
3652 4276 3855 4340 teste.

1425 4383 1725 4453 Ordinis
1761 4383 1875 4452 sui
1909 4381 1986 4450 in
2021 4379 2335 4450 Scotiam
2370 4378 2749 4473 Ingressus
3021 4381 3145 4451 lib.
3184 4399 3237 4452 1.

1421 4498 1532 4568 De
1569 4495 2154 4591 Peregrinatione
2188 4495 2279 4565 ad
2313 4493 2507 4566 Loca
2540 4505 2787 4566 sancta
3013 4495 3140 4566 lib.
3180 4513 3269 4566 11.

1226 4614 1566 4687 Florebat
1621 4633 1812 4682 anno
1869 4629 2118 4682 Mecl..
2179 4610 2318 4681 sub
2374 4609 2791 4681 Alexandro
2850 4609 2950 4681 ΙΙ.
3015 4633 3185 4705 rege
3242 4610 3543 4684 Scotiae.
3606 4613 3753 4686 Ubi
3804 4624 3929 4686 aut

1127 4731 1416 4825 quando
1450 4728 1732 4810 obierit,
1768 4729 2031 4809 nulluS,
2067 4727 2261 4818 quod
2296 4726 2538 4808 sciam,
2574 4727 2923 4817 scriptum
2959 4728 3275 4820 reliquit.
3380 4727 3655 4800 Putant
3688 4738 3929 4800 tamen

1129 4847 1430 4919 Dublini
1479 4844 1904 4928 excessisse3
1965 4843 2091 4913 sed
2142 4843 2265 4912 ille
2314 4864 2463 4914 non
2512 4840 2815 4912 Dublini
2867 4843 3189 4926 antistes,
3242 4865 3495 4915 verum
3540 4843 3933 4916 Dumblani
