4384 5817
1271 506 1629 578 GENTIS
1677 505 2241 588 SCOTORUM,
2288 504 2470 574 LIB.
2520 505 2643 572 IV.
3236 503 3367 566 203

565 701 870 796 Scripsit

859 815 1240 896 Sermones
1273 817 1367 886 ad
1399 814 1696 888 Fratres
2460 812 2585 884 lib.
2626 832 2679 884 1.

861 931 1166 1004 Sanctae
1198 929 1416 1002 Vitae
1451 930 1812 1026 Regulam
2456 928 2583 999 lib.
2622 946 2674 998 1.

859 1047 1232 1140 Epistulas
1267 1048 1360 1118 ad
1393 1046 1822 1119 Columbam
1853 1045 2288 1140 magistrum
2455 1044 2582 1114 lib.
2622 1062 2674 1114 1.

865 1162 1380 1234 Meditationes
2460 1158 2587 1230 lib.
2626 1178 2679 1230 1.

663 1279 874 1353 Vixit
899 1300 1091 1352 anno
1117 1295 1340 1350 now.
1408 1277 1460 1348 J
1459 1299 1726 1350 oannes
1751 1277 2093 1348 Leslaeus
2117 1275 2242 1345 lib.
2274 1292 2386 1346 1v.
2414 1297 2581 1370 pag.
2611 1291 2811 1345 c1.11.
2881 1272 3165 1344 Colitur
3188 1291 3367 1346 xxl.

563 1395 866 1488 Aprilis.

1497 1589 1571 1661 S.
1625 1588 2158 1663 DICULLUS.
2264 1588 2433 1662 368.

564 1742 638 1814 S.
687 1741 1116 1814 chULLUS
1164 1742 1558 1834 presbyter,
1611 1738 1686 1810 S.
1739 1738 2043 1811 Fursaei
2093 1742 2385 1835 collega,
2436 1762 2527 1811 ex
2577 1739 2821 1811 Scotia
2868 1761 3035 1810 eum
3081 1741 3161 1810 in
3208 1739 3377 1810 Gal-

565 1859 740 1930 liam
775 1867 1084 1942 secutus,
1117 1857 1554 1928 monasterio
1589 1856 1680 1926 ab
1711 1856 1838 1926 illo
1885 1864 1995 1927 est
2038 1855 2517 1948 praepositae,
2562 1863 2637 1926 et
2684 1877 2897 1926 curae
2942 1856 3371 1940 animarum,

565 1975 742 2045 dum
801 1974 1367 2045 anachoreticam
1430 1972 1660 2044 vitam
1719 1972 1840 2042 ille
1893 1973 2184 2068 eligens,
2240 1973 2493 2063 procul
2540 1994 2585 2042 a
2642 1971 2897 2042 mundi
2958 1980 3376 2063 contemptu

565 2099 638 2160 et
670 2090 1018 2160 illecebris
1053 2090 1426 2161 secederet.
1465 2087 1670 2158 Beda
1700 2087 1826 2158 lib.
1865 2105 1989 2158 111.
2029 2087 2309 2159 Histor.
2340 2087 2615 2160 Eccles.
2653 2087 2960 2182 Anglor.
2998 2108 3151 2178 cap.
3189 2105 3372 2158 xlx.

565 2205 1106 2276 Sanctissimam
1173 2205 1236 2298 ej
1245 2227 1330 2274 us
1399 2203 2146 2275 commemorationem
2225 2202 2401 2274 facit
2477 2203 2787 2298 insignis
2864 2204 3157 2274 ecclesia
3240 2204 3377 2275 Pe-

565 2324 892 2394 ronensis
915 2324 1014 2392 -in
1063 2321 1395 2404 Morinis,
1441 2323 1567 2392 sed
1611 2343 1756 2414 quo
1802 2321 1940 2403 die,
1985 2320 2265 2402 nescio;
2315 2328 2494 2411 puto
2536 2337 2709 2390 XVI.
2757 2317 2809 2388 J
2810 2315 3089 2389 anuarii
3124 2318 3375 2410 ipsius,

565 2449 652 2511 ut
697 2449 771 2511 et
814 2438 909 2510 D.
957 2438 1284 2521 Fursaei,
1329 2438 1634 2508 aliorum
1681 2438 1899 2508 etiam
1949 2434 2277 2507 omnium
2325 2436 2452 2528 qui
2502 2457 2668 2506 cum
2716 2434 2843 2504 illo
2893 2442 3240 2505 venerant
3288 2455 3379 2525 ex

566 2554 829 2638 Scotia,
883 2553 1384 2625 solennitatem
1441 2553 1804 2625 celebrari.
1906 2550 2020 2622 De
2068 2552 2160 2622 iis
2216 2559 2406 2622 certe
2458 2550 2792 2622 omnibus
2850 2549 3055 2620 Beda
3108 2549 3379 2619 librum

567 2671 931 2762 promittit
961 2671 1114 2740 loco
1147 2669 1462 2752 laudato,
1497 2670 1622 2740 sed
1656 2690 1803 2739 non
1834 2668 2126 2760 prodiit,
2162 2668 2278 2738 vel
2324 2667 2623 2750 interiit,
2670 2666 3023 2759 siquidem
3058 2667 3139 2736 in
3171 2689 3257 2737 ea
3299 2663 3374 2734 S.

567 2784 894 2867 Fursaei,
928 2807 1147 2878 quam
1182 2783 1442 2854 Surius
1476 2794 1652 2856 tom.
1691 2804 1744 2856 1.
1781 2784 2028 2867 edidit,
2066 2783 2242 2867 vita,
2281 2805 2372 2855 ne
2408 2783 2711 2854 verbum
2735 2783 3028 2875 quidem
3053 2783 3141 2852 de
3166 2783 3378 2854 sociis

567 2902 822 2995 ipsius.
926 2899 1118 2996 Ejus
1153 2910 1262 2972 est

869 3015 1266 3088 Instructio
1299 3017 1392 3087 ad
1427 3014 1822 3089 Monachos
2384 3015 2509 3086 lib.
2550 3034 2602 3086 1.
2637 3023 3006 3086 asservata
3038 3015 3374 3109 religiosa

968 3154 1140 3203 cura
1176 3130 1520 3202 Peronae.

668 3247 957 3319 Floruit
987 3268 1179 3318 anno
1214 3262 1400 3318 Del..

1532 3446 1606 3518 S.
1659 3444 2031 3519 DYMPN
2029 3446 2127 3517 A.
2234 3443 2402 3527 369.

574 3597 646 3668 S.
709 3595 1112 3679 DYMPNA,
1179 3597 1371 3690 regis
1433 3596 1828 3668 Hiberniae
1887 3597 2055 3680 filia,
2114 3620 2159 3667 a
2222 3605 2429 3689 patre
2486 3619 2617 3668 suo
2676 3599 3056 3668 idololatra
3114 3606 3373 3678 amata,

573 3713 1016 3806 aliquamdiu
1049 3713 1124 3780 in
1163 3710 1402 3782 Scotia
1436 3714 1739 3795 vixerat,
1782 3723 1851 3782 et
1902 3713 2243 3804 pietatem
2291 3712 2691 3794 imbiberat,
2740 3713 3373 3806 virginitatemque

570 3827 728 3899 Deo
761 3835 1083 3898 voverat.
1169 3824 1292 3896 An
1329 3828 1602 3918 aliquid
1635 3829 2024 3920 scripserit,
2057 3828 2432 3899 incertum.
2522 3827 2744 3899 Passa
2771 3837 2880 3899 est
2906 3851 2989 3898 eo
3016 3850 3203 3898 anno
3230 3851 3374 3920 quo

573 3942 813 4014 Scotia
845 3942 1168 4024 excessit,
1207 3959 1515 4013 Dccxx.
1620 3942 1904 4016 Colitur
1937 3959 2078 4014 XV.
2115 3943 2320 4014 Maii.
2426 3942 2730 4015 Gilberti
2758 3943 2992 4015 Bruni
3029 3943 3374 4016 Calenda-

569 4081 782 4130 rium.

1471 4257 1546 4328 S.
1599 4256 2219 4329 DONORTIUS.
2324 4263 2493 4336 370.

572 4407 646 4476 S.
681 4407 1195 4491 DONORTIUS,
1241 4411 1614 4500 episcopus
1651 4407 2233 4490 Murthlacensis,
2280 4429 2544 4502 magna
2587 4409 2991 4480 sanctitatis
3034 4410 3367 4500 opinione

571 4524 910 4594 successit
943 4523 1019 4592 S.
1057 4523 1326 4606 Bean0‚
1363 4526 1486 4616 qui
1522 4525 1799 4614 primus
1835 4524 1911 4592 in
1945 4545 2030 4592 ea
2062 4526 2355 4594 ecclesia
2388 4524 2691 4594 sederat.
2768 4522 2976 4594 Hect.
3016 4523 3367 4595 Boethius

572 4635 698 4709 lib.
735 4655 852 4708 xl.
891 4637 1088 4709 Hist.
1128 4639 1317 4710 Scot.
1355 4661 1518 4735 pag.
1558 4655 1856 4710 CCXLV.
1904 4651 1977 4710 et
2021 4639 2098 4708 in
2143 4640 2266 4710 lib.
2315 4640 2403 4710 de
2439 4637 2871 4709 Pontificum
2905 4639 3366 4710 Aberdonen-

573 4755 762 4824 sium
811 4751 1012 4836 Vita,
1071 4776 1242 4824 nam
1295 4755 1856 4826 Murthlacensis
1909 4756 2261 4855 translata
2309 4763 2418 4825 est
2467 4753 2954 4826 Aberdoniam
3006 4754 3365 4826 cathedra.

573 4866 878 4961 Scripsit
910 4867 1310 4940 Donortius
