<?xml version="1.0" encoding="UTF-8"?>
<!DOCTYPE html PUBLIC "-//W3C//DTD XHTML 1.0 Transitional//EN"
    "http://www.w3.org/TR/xhtml1/DTD/xhtml1-transitional.dtd">
<html xmlns="http://www.w3.org/1999/xhtml" xml:lang="en" lang="en">
 <head>
  <title>
</title>
<meta http-equiv="Content-Type" content="text/html;charset=utf-8" />
  <meta name='ocr-system' content='tesseract 3.04.00' />
  <meta name='ocr-capabilities' content='ocr_page ocr_carea ocr_par ocr_line ocrx_word'/>
</head>
<body>
  <div class='ocr_page' id='page_1' title='image "./thomaedempsteri00unkngoog_0165.png"; bbox 0 0 4384 5817; ppageno 0'>
   <div class='ocr_carea' id='block_1_1' title="bbox 1049 501 3084 574">
    <p class='ocr_par' dir='ltr' id='par_1_1' title="bbox 1049 501 3084 574">
     <span class='ocr_line' id='line_1_1' title="bbox 1049 501 3084 574; baseline 0.003 -9"><span class='ocrx_word' id='word_1_1' title='bbox 1049 501 1178 566; x_wconf 88' lang='lat'><strong>100</strong></span> <span class='ocrx_word' id='word_1_2' title='bbox 1819 501 2288 572; x_wconf 77' lang='lat' dir='ltr'><strong>HISTORIA</strong></span> <span class='ocrx_word' id='word_1_3' title='bbox 2332 501 3084 574; x_wconf 75' lang='lat' dir='ltr'><strong>EchESIAS‘rch</strong></span> 
     </span>
    </p>
   </div>
   <div class='ocr_carea' id='block_1_2' title="bbox 1063 691 3852 880">
    <p class='ocr_par' dir='ltr' id='par_1_2' title="bbox 1063 691 3852 880">
     <span class='ocr_line' id='line_1_2' title="bbox 1063 691 3852 790; baseline 0.004 -28"><span class='ocrx_word' id='word_1_4' title='bbox 1063 693 1366 777; x_wconf 80' lang='lat' dir='ltr'>vellicat,</span> <span class='ocrx_word' id='word_1_5' title='bbox 1399 691 1766 788; x_wconf 78' lang='lat' dir='ltr'><strong>religionis</strong></span> <span class='ocrx_word' id='word_1_6' title='bbox 1797 692 2038 766; x_wconf 81' lang='lat' dir='ltr'><strong>verius</strong></span> <span class='ocrx_word' id='word_1_7' title='bbox 2069 712 2289 784; x_wconf 87' lang='lat' dir='ltr'><strong>quam</strong></span> <span class='ocrx_word' id='word_1_8' title='bbox 2320 692 2685 766; x_wconf 83' lang='lat' dir='ltr'><strong>doctrinae</strong></span> <span class='ocrx_word' id='word_1_9' title='bbox 2714 713 2933 790; x_wconf 57' lang='lat' dir='ltr'><strong>&amp;goz</strong></span> <span class='ocrx_word' id='word_1_10' title='bbox 2984 693 3111 768; x_wconf 77' lang='lat' dir='ltr'><strong>aed</strong></span> <span class='ocrx_word' id='word_1_11' title='bbox 3154 696 3313 776; x_wconf 75' lang='lat' dir='ltr'><strong>laus</strong></span> <span class='ocrx_word' id='word_1_12' title='bbox 3354 693 3483 771; x_wconf 83' lang='lat' dir='ltr'><strong>iila</strong></span> <span class='ocrx_word' id='word_1_13' title='bbox 3524 695 3852 772; x_wconf 80' lang='lat' dir='ltr'><strong>virorum</strong></span> 
     </span>
     <span class='ocr_line' id='line_1_3' title="bbox 1065 805 2655 880; baseline 0.001 -2"><span class='ocrx_word' id='word_1_14' title='bbox 1065 805 1596 880; x_wconf 86' lang='lat' dir='ltr'><strong>Catholicorum</strong></span> <span class='ocrx_word' id='word_1_15' title='bbox 1627 805 1722 880; x_wconf 89' lang='lat' dir='ltr'><strong>ab</strong></span> <span class='ocrx_word' id='word_1_16' title='bbox 1753 805 2130 879; x_wconf 76' lang='lat' dir='ltr'><strong>haereticis</strong></span> <span class='ocrx_word' id='word_1_17' title='bbox 2161 807 2349 878; x_wconf 83' lang='lat' dir='ltr'><strong>male</strong></span> <span class='ocrx_word' id='word_1_18' title='bbox 2379 807 2655 880; x_wconf 85' lang='lat' dir='ltr'><strong>audire.</strong></span> 
     </span>
    </p>
   </div>
   <div class='ocr_carea' id='block_1_3' title="bbox 2015 1033 2919 1118">
    <p class='ocr_par' dir='ltr' id='par_1_3' title="bbox 2015 1033 2919 1118">
     <span class='ocr_line' id='line_1_4' title="bbox 2015 1033 2919 1118; baseline 0.001 -8"><span class='ocrx_word' id='word_1_19' title='bbox 2015 1033 2647 1111; x_wconf 81' lang='lat' dir='ltr'><strong>BELISARIUS.</strong></span> <span class='ocrx_word' id='word_1_20' title='bbox 2752 1035 2919 1118; x_wconf 76' lang='lat'><strong>176.</strong></span> 
     </span>
    </p>
   </div>
   <div class='ocr_carea' id='block_1_4' title="bbox 1061 1266 3857 1690">
    <p class='ocr_par' dir='ltr' id='par_1_4' title="bbox 1061 1266 3857 1690">
     <span class='ocr_line' id='line_1_5' title="bbox 1061 1266 3857 1368; baseline 0.002 -28"><span class='ocrx_word' id='word_1_21' title='bbox 1061 1268 1588 1354; x_wconf 67' lang='lat' dir='ltr'><strong>Bnmssnms,</strong></span> <span class='ocrx_word' id='word_1_22' title='bbox 1621 1278 1834 1362; x_wconf 84' lang='lat' dir='ltr'><strong>poeta</strong></span> <span class='ocrx_word' id='word_1_23' title='bbox 1865 1267 2345 1342; x_wconf 85' lang='lat' dir='ltr'><strong>Christianus.</strong></span> <span class='ocrx_word' id='word_1_24' title='bbox 2436 1267 2563 1340; x_wconf 86' lang='lat' dir='ltr'><strong>An</strong></span> <span class='ocrx_word' id='word_1_25' title='bbox 2594 1266 2851 1344; x_wconf 80' lang='lat' dir='ltr'><strong>Scotus</strong></span> <span class='ocrx_word' id='word_1_26' title='bbox 2880 1269 3127 1358; x_wconf 84' lang='lat' dir='ltr'><strong>fuerit,</strong></span> <span class='ocrx_word' id='word_1_27' title='bbox 3160 1271 3471 1368; x_wconf 77' lang='lat' dir='ltr'><strong>ambigo.</strong></span> <span class='ocrx_word' id='word_1_28' title='bbox 3554 1271 3857 1366; x_wconf 75' lang='lat' dir='ltr'><strong>Scripsit</strong></span> 
     </span>
     <span class='ocr_line' id='line_1_6' title="bbox 1357 1381 3853 1462; baseline 0 -4"><span class='ocrx_word' id='word_1_29' title='bbox 1357 1381 1864 1458; x_wconf 78' lang='lat' dir='ltr'><strong>Aerostichum</strong></span> <span class='ocrx_word' id='word_1_30' title='bbox 1907 1385 1988 1456; x_wconf 87' lang='lat' dir='ltr'><strong>in</strong></span> <span class='ocrx_word' id='word_1_31' title='bbox 2031 1383 2403 1458; x_wconf 75' lang='lat' dir='ltr'><strong>Sedunum</strong></span> <span class='ocrx_word' id='word_1_32' title='bbox 2444 1381 2761 1458; x_wconf 72' lang='lat' dir='ltr'><strong>Scotum.</strong></span> <span class='ocrx_word' id='word_1_33' title='bbox 2862 1381 3095 1458; x_wconf 82' lang='lat' dir='ltr'><strong>Extat</strong></span> <span class='ocrx_word' id='word_1_34' title='bbox 3142 1395 3319 1462; x_wconf 83' lang='lat' dir='ltr'><strong>tom.</strong></span> <span class='ocrx_word' id='word_1_35' title='bbox 3372 1403 3451 1460; x_wconf 75' lang='lat' dir='ltr'><strong>v·</strong></span> <span class='ocrx_word' id='word_1_36' title='bbox 3502 1386 3853 1462; x_wconf 78' lang='lat' dir='ltr'><strong>Biblioth.</strong></span> 
     </span>
     <span class='ocr_line' id='line_1_7' title="bbox 1453 1497 1943 1576; baseline 0.002 -4"><span class='ocrx_word' id='word_1_37' title='bbox 1453 1497 1580 1572; x_wconf 82' lang='lat' dir='ltr'><strong>SS.</strong></span> <span class='ocrx_word' id='word_1_38' title='bbox 1617 1498 1943 1576; x_wconf 83' lang='lat' dir='ltr'><strong>Patrum.</strong></span> 
     </span>
     <span class='ocr_line' id='line_1_8' title="bbox 1159 1612 2069 1690; baseline 0.005 -7"><span class='ocrx_word' id='word_1_39' title='bbox 1159 1612 1474 1686; x_wconf 82' lang='lat' dir='ltr'><strong>Vivebat</strong></span> <span class='ocrx_word' id='word_1_40' title='bbox 1503 1637 1694 1688; x_wconf 87' lang='lat' dir='ltr'><strong>anno</strong></span> <span class='ocrx_word' id='word_1_41' title='bbox 1725 1633 2069 1690; x_wconf 77' lang='lat' dir='ltr'><strong>ccccxl..</strong></span> 
     </span>
    </p>
   </div>
   <div class='ocr_carea' id='block_1_5' title="bbox 1733 1844 3167 1927">
    <p class='ocr_par' dir='ltr' id='par_1_5' title="bbox 1733 1844 3167 1927">
     <span class='ocr_line' id='line_1_9' title="bbox 1733 1844 3167 1927; baseline 0.001 -7"><span class='ocrx_word' id='word_1_42' title='bbox 1733 1845 2152 1920; x_wconf 78' lang='lat' dir='ltr'>ALANUS</span> <span class='ocrx_word' id='word_1_43' title='bbox 2201 1844 2893 1920; x_wconf 84' lang='lat' dir='ltr'>BALANTINUS.</span> <span class='ocrx_word' id='word_1_44' title='bbox 3001 1851 3167 1927; x_wconf 74' lang='lat'><strong>177.</strong></span> 
     </span>
    </p>
   </div>
   <div class='ocr_carea' id='block_1_6' title="bbox 1053 2073 3853 2630">
    <p class='ocr_par' dir='ltr' id='par_1_6' title="bbox 1053 2073 3853 2630">
     <span class='ocr_line' id='line_1_10' title="bbox 1053 2073 3853 2172; baseline 0.002 -24"><span class='ocrx_word' id='word_1_45' title='bbox 1053 2073 1404 2150; x_wconf 53' lang='lat' dir='ltr'><strong>Animus</strong></span> <span class='ocrx_word' id='word_1_46' title='bbox 1451 2073 1884 2152; x_wconf 82' lang='lat' dir='ltr'><strong>Balantinus</strong></span> <span class='ocrx_word' id='word_1_47' title='bbox 1933 2077 2128 2150; x_wconf 87' lang='lat' dir='ltr'><strong>domi</strong></span> <span class='ocrx_word' id='word_1_48' title='bbox 2170 2077 2379 2150; x_wconf 87' lang='lat' dir='ltr'><strong>bonis</strong></span> <span class='ocrx_word' id='word_1_49' title='bbox 2422 2076 2701 2150; x_wconf 85' lang='lat' dir='ltr'><strong>artibus</strong></span> <span class='ocrx_word' id='word_1_50' title='bbox 2752 2099 3006 2152; x_wconf 81' lang='lat' dir='ltr'><strong>vacare</strong></span> <span class='ocrx_word' id='word_1_51' title='bbox 3052 2079 3309 2172; x_wconf 83' lang='lat' dir='ltr'><strong>coepit,</strong></span> <span class='ocrx_word' id='word_1_52' title='bbox 3358 2088 3517 2152; x_wconf 82' lang='lat' dir='ltr'><strong>tum</strong></span> <span class='ocrx_word' id='word_1_53' title='bbox 3566 2079 3645 2152; x_wconf 91' lang='lat' dir='ltr'><strong>in</strong></span> <span class='ocrx_word' id='word_1_54' title='bbox 3678 2079 3853 2154; x_wconf 85' lang='lat' dir='ltr'><strong>Ger-</strong></span> 
     </span>
     <span class='ocr_line' id='line_1_11' title="bbox 1055 2191 3853 2288; baseline 0.001 -24"><span class='ocrx_word' id='word_1_55' title='bbox 1055 2191 1369 2264; x_wconf 78' lang='lat' dir='ltr'><strong>maniam</strong></span> <span class='ocrx_word' id='word_1_56' title='bbox 1415 2191 1721 2287; x_wconf 86' lang='lat' dir='ltr'><strong>trajecit,</strong></span> <span class='ocrx_word' id='word_1_57' title='bbox 1763 2193 2237 2287; x_wconf 73' lang='lat' dir='ltr'><strong>aptissimam,</strong></span> <span class='ocrx_word' id='word_1_58' title='bbox 2284 2203 2371 2266; x_wconf 85' lang='lat' dir='ltr'><strong>ut</strong></span> <span class='ocrx_word' id='word_1_59' title='bbox 2415 2193 2557 2286; x_wconf 85' lang='lat' dir='ltr'><strong>ipsi</strong></span> <span class='ocrx_word' id='word_1_60' title='bbox 2602 2191 3004 2278; x_wconf 73' lang='lat' dir='ltr'><strong>videbam,</strong></span> <span class='ocrx_word' id='word_1_61' title='bbox 3052 2193 3289 2268; x_wconf 73' lang='lat' dir='ltr'><strong>Musis</strong></span> <span class='ocrx_word' id='word_1_62' title='bbox 3326 2195 3588 2280; x_wconf 79' lang='lat' dir='ltr'><strong>sedem,</strong></span> <span class='ocrx_word' id='word_1_63' title='bbox 3636 2205 3853 2288; x_wconf 87' lang='lat' dir='ltr'><strong>atque</strong></span> 
     </span>
     <span class='ocr_line' id='line_1_12' title="bbox 1057 2307 3851 2403; baseline 0.001 -25"><span class='ocrx_word' id='word_1_64' title='bbox 1057 2307 1157 2378; x_wconf 89' lang='lat' dir='ltr'><strong>ibi</strong></span> <span class='ocrx_word' id='word_1_65' title='bbox 1207 2329 1473 2403; x_wconf 81' lang='lat' dir='ltr'><strong>magna</strong></span> <span class='ocrx_word' id='word_1_66' title='bbox 1519 2308 1870 2382; x_wconf 80' lang='lat' dir='ltr'><strong>modestia</strong></span> <span class='ocrx_word' id='word_1_67' title='bbox 1915 2309 2158 2382; x_wconf 86' lang='lat' dir='ltr'><strong>studia</strong></span> <span class='ocrx_word' id='word_1_68' title='bbox 2205 2309 2538 2393; x_wconf 80' lang='lat' dir='ltr'><strong>excoluit,</strong></span> <span class='ocrx_word' id='word_1_69' title='bbox 2588 2329 2773 2400; x_wconf 88' lang='lat' dir='ltr'><strong>quae</strong></span> <span class='ocrx_word' id='word_1_70' title='bbox 2823 2308 3079 2385; x_wconf 81' lang='lat' dir='ltr'><strong>deinde</strong></span> <span class='ocrx_word' id='word_1_71' title='bbox 3120 2309 3201 2382; x_wconf 89' lang='lat' dir='ltr'><strong>in</strong></span> <span class='ocrx_word' id='word_1_72' title='bbox 3230 2309 3705 2387; x_wconf 70' lang='lat' dir='ltr'><strong>celeberrimis</strong></span> <span class='ocrx_word' id='word_1_73' title='bbox 3750 2311 3851 2382; x_wconf 89' lang='lat' dir='ltr'><strong>ibi</strong></span> 
     </span>
     <span class='ocr_line' id='line_1_13' title="bbox 1055 2421 3852 2518; baseline 0.001 -26"><span class='ocrx_word' id='word_1_74' title='bbox 1055 2421 1454 2518; x_wconf 81' lang='lat' dir='ltr'><strong>gymnasiis</strong></span> <span class='ocrx_word' id='word_1_75' title='bbox 1511 2421 1828 2496; x_wconf 81' lang='lat' dir='ltr'><strong>docendo</strong></span> <span class='ocrx_word' id='word_1_76' title='bbox 1876 2424 2217 2498; x_wconf 80' lang='lat' dir='ltr'><strong>exercuit.</strong></span> <span class='ocrx_word' id='word_1_77' title='bbox 2250 2493 2257 2500; x_wconf 84' lang='grc'><em>,</em></span> <span class='ocrx_word' id='word_1_78' title='bbox 2318 2421 2623 2516; x_wconf 73' lang='lat' dir='ltr'><strong>Scripsit</strong></span> <span class='ocrx_word' id='word_1_79' title='bbox 2669 2424 2922 2508; x_wconf 78' lang='lat' dir='ltr'><strong>multe,</strong></span> <span class='ocrx_word' id='word_1_80' title='bbox 2970 2423 3097 2498; x_wconf 72' lang='lat' dir='ltr'><strong>sed</strong></span> <span class='ocrx_word' id='word_1_81' title='bbox 3146 2423 3381 2516; x_wconf 73' lang='lat' dir='ltr'><strong>apices</strong></span> <span class='ocrx_word' id='word_1_82' title='bbox 3429 2425 3583 2504; x_wconf 75' lang='lat' dir='ltr'><strong>vix,</strong></span> <span class='ocrx_word' id='word_1_83' title='bbox 3606 2425 3852 2517; x_wconf 86' lang='lat' dir='ltr'><strong>depre-</strong></span> 
     </span>
     <span class='ocr_line' id='line_1_14' title="bbox 1054 2535 2817 2630; baseline 0.004 -23"><span class='ocrx_word' id='word_1_84' title='bbox 1054 2535 1316 2622; x_wconf 81' lang='lat' dir='ltr'><strong>hendi3</strong></span> <span class='ocrx_word' id='word_1_85' title='bbox 1367 2547 1612 2610; x_wconf 88' lang='lat' dir='ltr'><strong>tamen</strong></span> <span class='ocrx_word' id='word_1_86' title='bbox 1644 2547 1838 2610; x_wconf 86' lang='lat' dir='ltr'><strong>certo</strong></span> <span class='ocrx_word' id='word_1_87' title='bbox 1870 2547 2152 2612; x_wconf 75' lang='lat' dir='ltr'><strong>constat</strong></span> <span class='ocrx_word' id='word_1_88' title='bbox 2179 2539 2387 2612; x_wconf 86' lang='lat' dir='ltr'><strong>illum</strong></span> <span class='ocrx_word' id='word_1_89' title='bbox 2418 2537 2817 2630; x_wconf 75' lang='lat' dir='ltr'><strong>publicasse</strong></span> 
     </span>
    </p>
   </div>
   <div class='ocr_carea' id='block_1_7' title="bbox 1341 2649 3851 2978">
    <p class='ocr_par' dir='ltr' id='par_1_7' title="bbox 1341 2649 3851 2978">
     <span class='ocr_line' id='line_1_15' title="bbox 1347 2649 2857 2726; baseline 0.002 -3"><span class='ocrx_word' id='word_1_90' title='bbox 1347 2649 1464 2723; x_wconf 89' lang='lat' dir='ltr'><strong>De</strong></span> <span class='ocrx_word' id='word_1_91' title='bbox 1497 2651 1916 2726; x_wconf 86' lang='lat' dir='ltr'><strong>Astrolabio</strong></span> <span class='ocrx_word' id='word_1_92' title='bbox 2638 2652 2763 2724; x_wconf 89' lang='lat' dir='ltr'><strong>lib.</strong></span> <span class='ocrx_word' id='word_1_93' title='bbox 2800 2671 2857 2726; x_wconf 89' lang='lat'><strong>1.</strong></span> 
     </span>
     <span class='ocr_line' id='line_1_16' title="bbox 1341 2764 2853 2843; baseline 0.001 -5"><span class='ocrx_word' id='word_1_94' title='bbox 1341 2764 1458 2838; x_wconf 89' lang='lat' dir='ltr'><strong>De</strong></span> <span class='ocrx_word' id='word_1_95' title='bbox 1489 2765 1760 2840; x_wconf 83' lang='lat' dir='ltr'><strong>Terrae</strong></span> <span class='ocrx_word' id='word_1_96' title='bbox 1793 2767 2140 2840; x_wconf 83' lang='lat' dir='ltr'><strong>Mensura</strong></span> <span class='ocrx_word' id='word_1_97' title='bbox 2634 2768 2761 2843; x_wconf 82' lang='lat' dir='ltr'><strong>lib.</strong></span> <span class='ocrx_word' id='word_1_98' title='bbox 2794 2787 2853 2840; x_wconf 88' lang='lat'><strong>1.</strong></span> 
     </span>
     <span class='ocr_line' id='line_1_17' title="bbox 1347 2880 3851 2978; baseline 0.002 -26"><span class='ocrx_word' id='word_1_99' title='bbox 1347 2880 1686 2954; x_wconf 82' lang='lat' dir='ltr'><strong>chronici</strong></span> <span class='ocrx_word' id='word_1_100' title='bbox 1717 2881 2145 2954; x_wconf 81' lang='lat' dir='ltr'><strong>universalis</strong></span> <span class='ocrx_word' id='word_1_101' title='bbox 2636 2881 2763 2956; x_wconf 89' lang='lat' dir='ltr'><strong>lib.</strong></span> <span class='ocrx_word' id='word_1_102' title='bbox 2802 2901 2856 2956; x_wconf 87' lang='lat'><strong>1.</strong></span> <span class='ocrx_word' id='word_1_103' title='bbox 2906 2882 3014 2958; x_wconf 79' lang='lat' dir='ltr'><strong>Et</strong></span> <span class='ocrx_word' id='word_1_104' title='bbox 3046 2885 3221 2978; x_wconf 87' lang='lat' dir='ltr'><strong>quia</strong></span> <span class='ocrx_word' id='word_1_105' title='bbox 3250 2883 3641 2958; x_wconf 84' lang='lat' dir='ltr'><strong>Eduardus</strong></span> <span class='ocrx_word' id='word_1_106' title='bbox 3676 2883 3851 2956; x_wconf 88' lang='lat' dir='ltr'><strong>Hal·</strong></span> 
     </span>
    </p>
   </div>
   <div class='ocr_carea' id='block_1_8' title="bbox 1152 2994 3851 3302">
    <p class='ocr_par' dir='ltr' id='par_1_8' title="bbox 1152 2994 3851 3302">
     <span class='ocr_line' id='line_1_18' title="bbox 1445 2994 3851 3095; baseline 0.002 -27"><span class='ocrx_word' id='word_1_107' title='bbox 1445 2998 1560 3068; x_wconf 89' lang='lat' dir='ltr'><strong>lus</strong></span> <span class='ocrx_word' id='word_1_108' title='bbox 1599 2995 1676 3068; x_wconf 89' lang='lat' dir='ltr'><strong>in</strong></span> <span class='ocrx_word' id='word_1_109' title='bbox 1714 2994 2001 3068; x_wconf 87' lang='lat' dir='ltr'><strong>Histor.</strong></span> <span class='ocrx_word' id='word_1_110' title='bbox 2035 2995 2445 3093; x_wconf 80' lang='lat' dir='ltr'><strong>Anglicana</strong></span> <span class='ocrx_word' id='word_1_111' title='bbox 2474 2997 2679 3073; x_wconf 87' lang='lat' dir='ltr'><strong>illum</strong></span> <span class='ocrx_word' id='word_1_112' title='bbox 2726 2998 2998 3084; x_wconf 78' lang='lat' dir='ltr'><strong>laudat,</strong></span> <span class='ocrx_word' id='word_1_113' title='bbox 3040 3000 3485 3094; x_wconf 76' lang='lat' dir='ltr'><strong>ineptissime</strong></span> <span class='ocrx_word' id='word_1_114' title='bbox 3524 2997 3851 3095; x_wconf 80' lang='lat' dir='ltr'><strong>Anglum</strong></span> 
     </span>
     <span class='ocr_line' id='line_1_19' title="bbox 1441 3109 2293 3200; baseline 0.001 -18"><span class='ocrx_word' id='word_1_115' title='bbox 1441 3111 1616 3184; x_wconf 84' lang='lat' dir='ltr'><strong>facit</strong></span> <span class='ocrx_word' id='word_1_116' title='bbox 1649 3109 1982 3200; x_wconf 83' lang='lat' dir='ltr'><strong>Pitsaeus</strong></span> <span class='ocrx_word' id='word_1_117' title='bbox 2013 3122 2199 3184; x_wconf 82' lang='lat' dir='ltr'><strong>cent.</strong></span> <span class='ocrx_word' id='word_1_118' title='bbox 2237 3130 2293 3184; x_wconf 90' lang='lat'><strong>1.</strong></span> 
     </span>
     <span class='ocr_line' id='line_1_20' title="bbox 1152 3225 2859 3302; baseline 0 -2"><span class='ocrx_word' id='word_1_119' title='bbox 1152 3226 1464 3300; x_wconf 78' lang='lat' dir='ltr'><strong>Vivebat</strong></span> <span class='ocrx_word' id='word_1_120' title='bbox 1491 3249 1684 3300; x_wconf 89' lang='lat' dir='ltr'><strong>anno</strong></span> <span class='ocrx_word' id='word_1_121' title='bbox 1719 3243 1992 3300; x_wconf 79' lang='lat' dir='ltr'><strong>MDLx.</strong></span> <span class='ocrx_word' id='word_1_122' title='bbox 2093 3225 2186 3300; x_wconf 90' lang='lat' dir='ltr'><strong>In</strong></span> <span class='ocrx_word' id='word_1_123' title='bbox 2218 3226 2625 3302; x_wconf 81' lang='lat' dir='ltr'><strong>Germaniis</strong></span> <span class='ocrx_word' id='word_1_124' title='bbox 2656 3227 2859 3302; x_wconf 86' lang='lat' dir='ltr'><strong>obiit.</strong></span> 
     </span>
    </p>
   </div>
   <div class='ocr_carea' id='block_1_9' title="bbox 1998 3573 2889 3682">
    <p class='ocr_par' dir='ltr' id='par_1_9' title="bbox 1998 3573 2889 3682">
     <span class='ocr_line' id='line_1_21' title="bbox 1998 3573 2889 3682; baseline 0 -34"><span class='ocrx_word' id='word_1_125' title='bbox 1998 3573 2619 3682; x_wconf 70' lang='lat' dir='ltr'><strong>flammosos,</strong></span> <span class='ocrx_word' id='word_1_126' title='bbox 2724 3581 2889 3656; x_wconf 80' lang='lat'><strong>178.</strong></span> 
     </span>
    </p>
   </div>
   <div class='ocr_carea' id='block_1_10' title="bbox 1041 3805 3841 4823">
    <p class='ocr_par' dir='ltr' id='par_1_10' title="bbox 1041 3805 3841 4823">
     <span class='ocr_line' id='line_1_22' title="bbox 1049 3805 3840 3905; baseline 0 -27"><span class='ocrx_word' id='word_1_127' title='bbox 1049 3807 1566 3892; x_wconf 69' lang='lat' dir='ltr'><strong>Bmcnonus,</strong></span> <span class='ocrx_word' id='word_1_128' title='bbox 1631 3817 2104 3905; x_wconf 82' lang='lat' dir='ltr'><strong>cognomento</strong></span> <span class='ocrx_word' id='word_1_129' title='bbox 2169 3805 2531 3902; x_wconf 80' lang='lat' dir='ltr'><strong>Sophiste,</strong></span> <span class='ocrx_word' id='word_1_130' title='bbox 2612 3809 2995 3886; x_wconf 85' lang='lat' dir='ltr'><strong>canonicus</strong></span> <span class='ocrx_word' id='word_1_131' title='bbox 3076 3808 3453 3905; x_wconf 78' lang='lat' dir='ltr'><strong>regularis,</strong></span> <span class='ocrx_word' id='word_1_132' title='bbox 3538 3805 3840 3880; x_wconf 82' lang='lat' dir='ltr'><strong>Sanctae</strong></span> 
     </span>
     <span class='ocr_line' id='line_1_23' title="bbox 1049 3921 3837 4018; baseline -0 -24"><span class='ocrx_word' id='word_1_133' title='bbox 1049 3922 1302 3996; x_wconf 84' lang='lat' dir='ltr'><strong>Crucis</strong></span> <span class='ocrx_word' id='word_1_134' title='bbox 1368 3921 1968 4018; x_wconf 85' lang='lat' dir='ltr'><strong>Edimburgensis</strong></span> <span class='ocrx_word' id='word_1_135' title='bbox 2025 3925 2383 4008; x_wconf 86' lang='lat' dir='ltr'><strong>alumnus,</strong></span> <span class='ocrx_word' id='word_1_136' title='bbox 2440 3924 2521 3996; x_wconf 89' lang='lat' dir='ltr'><strong>in</strong></span> <span class='ocrx_word' id='word_1_137' title='bbox 2576 3921 2970 3998; x_wconf 83' lang='lat' dir='ltr'><strong>Aristotele</strong></span> <span class='ocrx_word' id='word_1_138' title='bbox 3032 3923 3384 3996; x_wconf 81' lang='lat' dir='ltr'><strong>volvendo</strong></span> <span class='ocrx_word' id='word_1_139' title='bbox 3440 3923 3837 4005; x_wconf 74' lang='lat' dir='ltr'><strong>consenuit,</strong></span> 
     </span>
     <span class='ocr_line' id='line_1_24' title="bbox 1045 4031 3841 4131; baseline -0.001 -21"><span class='ocrx_word' id='word_1_140' title='bbox 1045 4060 1236 4111; x_wconf 89' lang='lat' dir='ltr'><strong>unus</strong></span> <span class='ocrx_word' id='word_1_141' title='bbox 1304 4059 1396 4112; x_wconf 82' lang='lat' dir='ltr'><strong>ex</strong></span> <span class='ocrx_word' id='word_1_142' title='bbox 1461 4039 1554 4112; x_wconf 90' lang='lat' dir='ltr'><strong>iis</strong></span> <span class='ocrx_word' id='word_1_143' title='bbox 1619 4040 1746 4131; x_wconf 86' lang='lat' dir='ltr'><strong>qui</strong></span> <span class='ocrx_word' id='word_1_144' title='bbox 1812 4061 1854 4110; x_wconf 88' lang='lat' dir='ltr'><strong>e</strong></span> <span class='ocrx_word' id='word_1_145' title='bbox 1919 4037 2158 4111; x_wconf 86' lang='lat' dir='ltr'><strong>Scotia</strong></span> <span class='ocrx_word' id='word_1_146' title='bbox 2221 4061 2313 4112; x_wconf 81' lang='lat' dir='ltr'><strong>ex</strong></span> <span class='ocrx_word' id='word_1_147' title='bbox 2340 4031 2345 4036; x_wconf 71' lang='grc'><strong><em>’</em></strong></span> <span class='ocrx_word' id='word_1_148' title='bbox 2376 4039 2658 4113; x_wconf 86' lang='lat' dir='ltr'><strong>decreto</strong></span> <span class='ocrx_word' id='word_1_149' title='bbox 2714 4040 2997 4114; x_wconf 77' lang='lat' dir='ltr'><strong>concilii</strong></span> <span class='ocrx_word' id='word_1_150' title='bbox 3053 4037 3483 4112; x_wconf 82' lang='lat' dir='ltr'><strong>Viennensis</strong></span> <span class='ocrx_word' id='word_1_151' title='bbox 3542 4037 3635 4110; x_wconf 83' lang='lat' dir='ltr'><strong>ad</strong></span> <span class='ocrx_word' id='word_1_152' title='bbox 3691 4036 3841 4109; x_wconf 80' lang='lat' dir='ltr'><strong>Ox-</strong></span> 
     </span>
     <span class='ocr_line' id='line_1_25' title="bbox 1048 4153 3837 4248; baseline -0.001 -22"><span class='ocrx_word' id='word_1_153' title='bbox 1048 4154 1410 4228; x_wconf 88' lang='lat' dir='ltr'><strong>oniensem</strong></span> <span class='ocrx_word' id='word_1_154' title='bbox 1475 4153 1933 4238; x_wconf 85' lang='lat' dir='ltr'><strong>academiam,</strong></span> <span class='ocrx_word' id='word_1_155' title='bbox 2003 4164 2090 4227; x_wconf 85' lang='lat' dir='ltr'><strong>ut</strong></span> <span class='ocrx_word' id='word_1_156' title='bbox 2155 4175 2367 4248; x_wconf 85' lang='lat' dir='ltr'><strong>saepe</strong></span> <span class='ocrx_word' id='word_1_157' title='bbox 2429 4153 2567 4226; x_wconf 85' lang='lat' dir='ltr'><strong>hoc</strong></span> <span class='ocrx_word' id='word_1_158' title='bbox 2648 4175 2859 4246; x_wconf 85' lang='lat' dir='ltr'><strong>opere</strong></span> <span class='ocrx_word' id='word_1_159' title='bbox 2940 4153 3282 4238; x_wconf 75' lang='lat' dir='ltr'><strong>dixisnus,</strong></span> <span class='ocrx_word' id='word_1_160' title='bbox 3362 4153 3625 4228; x_wconf 77' lang='lat' dir='ltr'><strong>missus</strong></span> <span class='ocrx_word' id='word_1_161' title='bbox 3708 4163 3837 4223; x_wconf 88' lang='lat' dir='ltr'><strong>est.</strong></span> 
     </span>
     <span class='ocr_line' id='line_1_26' title="bbox 1041 4265 2965 4362; baseline 0 -22"><span class='ocrx_word' id='word_1_162' title='bbox 1041 4265 1344 4362; x_wconf 81' lang='lat' dir='ltr'><strong>Scripsit</strong></span> <span class='ocrx_word' id='word_1_163' title='bbox 2948 4315 2965 4322; x_wconf 90' lang='lat'>-</span> 
     </span>
     <span class='ocr_line' id='line_1_27' title="bbox 1345 4380 3237 4476; baseline -0.002 -22"><span class='ocrx_word' id='word_1_164' title='bbox 1345 4381 1934 4476; x_wconf 85' lang='lat' dir='ltr'><strong>Hypomnemata</strong></span> <span class='ocrx_word' id='word_1_165' title='bbox 1963 4385 2044 4456; x_wconf 85' lang='lat' dir='ltr'><strong>in</strong></span> <span class='ocrx_word' id='word_1_166' title='bbox 2073 4381 2433 4458; x_wconf 83' lang='lat' dir='ltr'><strong>Elenchos</strong></span> <span class='ocrx_word' id='word_1_167' title='bbox 2464 4380 2881 4456; x_wconf 86' lang='lat' dir='ltr'><strong>Aristotelis</strong></span> <span class='ocrx_word' id='word_1_168' title='bbox 2985 4381 3113 4459; x_wconf 84' lang='lat' dir='ltr'><strong>lib.</strong></span> <span class='ocrx_word' id='word_1_169' title='bbox 3148 4399 3237 4452; x_wconf 89' lang='lat'><strong>11.</strong></span> 
     </span>
     <span class='ocr_line' id='line_1_28' title="bbox 1339 4495 3261 4591; baseline -0.002 -21"><span class='ocrx_word' id='word_1_170' title='bbox 1339 4496 1432 4570; x_wconf 93' lang='lat' dir='ltr'><strong>In</strong></span> <span class='ocrx_word' id='word_1_171' title='bbox 1463 4497 1784 4591; x_wconf 84' lang='lat' dir='ltr'><strong>ejusdem</strong></span> <span class='ocrx_word' id='word_1_172' title='bbox 1817 4495 2092 4590; x_wconf 88' lang='lat' dir='ltr'><strong>Topica</strong></span> <span class='ocrx_word' id='word_1_173' title='bbox 2986 4497 3113 4576; x_wconf 85' lang='lat' dir='ltr'><strong>lib.</strong></span> <span class='ocrx_word' id='word_1_174' title='bbox 3150 4513 3261 4568; x_wconf 78' lang='lat' dir='ltr'><strong>lv.</strong></span> 
     </span>
     <span class='ocr_line' id='line_1_29' title="bbox 1337 4611 3247 4708; baseline -0.001 -22"><span class='ocrx_word' id='word_1_175' title='bbox 1337 4612 1430 4686; x_wconf 93' lang='lat' dir='ltr'><strong>In</strong></span> <span class='ocrx_word' id='word_1_176' title='bbox 1461 4613 1783 4708; x_wconf 87' lang='lat' dir='ltr'><strong>ejusdem</strong></span> <span class='ocrx_word' id='word_1_177' title='bbox 1815 4611 2073 4684; x_wconf 86' lang='lat' dir='ltr'><strong>Priora</strong></span> <span class='ocrx_word' id='word_1_178' title='bbox 2990 4611 3118 4686; x_wconf 86' lang='lat' dir='ltr'><strong>lib.</strong></span> <span class='ocrx_word' id='word_1_179' title='bbox 3154 4631 3247 4684; x_wconf 85' lang='lat'><strong>11.</strong></span> 
     </span>
     <span class='ocr_line' id='line_1_30' title="bbox 1341 4726 3245 4823; baseline -0.003 -20"><span class='ocrx_word' id='word_1_180' title='bbox 1341 4728 1432 4803; x_wconf 90' lang='lat' dir='ltr'><strong>In</strong></span> <span class='ocrx_word' id='word_1_181' title='bbox 1467 4728 1786 4823; x_wconf 85' lang='lat' dir='ltr'><strong>ejusdem</strong></span> <span class='ocrx_word' id='word_1_182' title='bbox 1822 4726 2233 4802; x_wconf 85' lang='lat' dir='ltr'><strong>Posteriora</strong></span> <span class='ocrx_word' id='word_1_183' title='bbox 2992 4727 3117 4800; x_wconf 86' lang='lat' dir='ltr'><strong>lib.</strong></span> <span class='ocrx_word' id='word_1_184' title='bbox 3156 4743 3245 4800; x_wconf 90' lang='lat'><strong>11.</strong></span> 
     </span>
    </p>
   </div>
  </div>
 </body>
</html>
