4384 5817
1200 553 1505 626 ΘΕΝΤῙ
1509 555 1563 624 S
1604 551 2175 634 SCOTORUM,
2215 551 2404 622 LIB.
2449 552 2546 622 11.
3214 553 3302 622 95

494 774 617 824 ma
646 749 929 822 familia
957 745 1429 832 Baliolorum,
1461 745 1591 842 qui
1623 769 1669 820 e
1694 744 1937 820 Scotia
1964 742 2282 842 profugi,
2315 743 2628 839 bellique
2659 740 2894 816 civilis
2918 743 3108 814 malo
3140 743 3299 836 pul-

496 869 585 952 si,
617 866 697 940 in
728 863 1043 940 Francia
1060 861 1485 936 comitatum
1510 856 1956 936 Hem-court
1982 859 2476 943 obtinuerunt,
2507 866 2595 932 ut
2625 879 2718 932 ex
2739 855 3044 930 historia
3067 855 3298 930 Fran-

498 984 653 1054 cica
700 978 1133 1054 Holinshed·
1180 999 1353 1074 pag.
1402 993 1711 1052 mcxv·
1756 976 1950 1051 Gom
2002 975 2436 1052 Hercul-iam
2485 981 2770 1058 vocant,
2821 983 2900 1046 et
2928 981 3304 1065 praeterea

386 1171 399 1183 ,
502 1097 997 1190 Dampuiunm
1040 1115 1127 1168 ac
1168 1091 1511 1168 Hor-num
1552 1093 1635 1170 in
1664 1093 1914 1174 eodem
1944 1115 2171 1192 regno
2199 1097 2613 1176 tenuerunt,
2648 1087 2992 1162 Leslaeus
3021 1088 3148 1161 lib.
3185 1105 3298 1160 Ἦ.

504 1213 585 1284 in
616 1209 891 1308 Anglia
934 1209 1557 1308 propugnaculum
1600 1209 2169 1283 munitissimum
2212 1199 2834 1280 Bmardaeoastle
2872 1204 3302 1288 excitarunt,

506 1328 778 1420 quique
822 1324 1045 1420 primi
1094 1325 1510 1398 mortalium
1560 1321 1884 1421 Lyceum
1932 1318 2171 1396 Musis
2219 1323 2300 1395 in
2346 1320 2641 1418 Anglia,
2691 1320 3102 1416 sumptibus
3149 1323 3303 1394 suis

508 1441 901 1525 immensis,
934 1441 1011 1513 id
1056 1437 1457 1537 Collegium
1503 1439 1909 1514 Baliolense
1952 1437 2304 1523 oxoniae,
2345 1435 2833 1521 aedificarunt,
2875 1445 2962 1509 ut
3005 1437 3305 1510 tradunt

505 1555 761 1654 Angli,
781 1554 832 1627 J
833 1577 1097 1630 oannes
1118 1553 1365 1642 Caius,
1372 1554 1761 1640 Lelandus,
1770 1553 2129 1641 Pitsaeus,
2143 1552 2579 1638 camdenus,
2597 1562 2672 1625 et
2691 1571 2973 1636 omnes3
3000 1552 3307 1648 denique

506 1673 633 1765 qui
682 1693 985 1768 regnum
1032 1669 1336 1757 Sentias,
1388 1669 1693 1744 arbitrio
1740 1671 1993 1768 iniquo
2029 1670 2124 1743 ad
2158 1667 2488 1766 Anglum
2521 1668 2779 1752 delato,
2811 1669 3306 1762 possederunt,

508 1796 582 1860 et
612 1786 752 1860 sub
783 1807 1054 1858 annum
1092 1801 1431 1858 uccclv.
1465 1808 1551 1859 eo
1573 1807 1704 1884 per
1728 1781 2079 1859 Erucium
2105 1783 2495 1870 exturbati,
2521 1785 2800 1858 minore
2821 1783 3116 1858 fortuna
3139 1808 3306 1858 con-

508 1903 691 1975 tenti
726 1901 1087 1974 vixerunt.
1188 1899 1421 1974 Porro
1453 1909 1699 1974 noster
1728 1902 1847 1974 vir
1880 1902 2200 1974 maximo
2240 1899 2552 1986 nomine,
2592 1900 3132 1996 majoribusque
3164 1925 3310 1974 me-

510 2017 701 2102 ritis,
750 2037 1117 2090 summum
1165 2013 1542 2090 Bononiae
1584 2017 1823 2091 locum
1872 2016 2133 2100 tenuit,
2180 2024 2256 2090 et
2311 2014 2742 2110 reipublicae
2799 2025 3088 2114 togatae
3145 2036 3308 2090 cum

508 2132 779 2206 honore
810 2131 1146 2226 praefuit.
1246 2129 1553 2226 Scripsit
2225 2213 2230 2216 ,

810 2247 1089 2322 Contu
1113 2245 1529 2342 Empiricos
2397 2250 2524 2324 lib.
2563 2265 2619 2322 1.

808 2363 959 2439 Pro
989 2362 1250 2438 Galeni
1278 2363 1635 2438 Doctrina
2396 2363 2524 2438 lib.
2559 2383 2614 2438 1.

614 2479 939 2556 Docebat
964 2502 1157 2555 anno
1190 2495 1831 2554 nccccnxxxw.
1864 2481 2083 2556 rediit
2112 2490 2364 2578 postea
2393 2482 2474 2554 in
2503 2478 2842 2556 scotiam.

1220 2707 1773 2786 PATRICIUS
1820 2709 2330 2788 BISSE'I'US.
2435 2713 2603 2794 170.

514 2947 971 3020 PATmcws
1002 2945 1355 3032 Bhsstus,
1388 2944 1787 3019 clarissima
1814 2946 2011 3041 apud
2042 2967 2214 3019 suos
2246 2945 2547 3044 origine,
2583 2967 2676 3020 ex
2708 2967 2796 3020 ea
2823 2945 3104 3022 familia
3133 2971 3317 3043 quae

519 3062 899 3138 Achterles
949 3072 1026 3135 et
1072 3059 1316 3136 Fifam
1366 3061 1753 3136 comitatus
1802 3061 2020 3136 titulo
2068 3071 2502 3136 tenuerunt=
2559 3062 2684 3136 hic
2729 3083 2902 3138 vero
2949 3062 3321 3138 Bononiae

522 3189 719 3252 artes
760 3179 1077 3272 optimas
1117 3177 1507 3274 professus,
1550 3199 1837 3254 summa
1866 3177 2292 3252 eruditionis
2323 3179 2662 3272 opinione
2691 3179 3051 3265 inclaruit,
3085 3199 3170 3252 ac
3189 3181 3320 3276 jus

526 3293 947 3368 canonicum
979 3315 1111 3388 per
1138 3295 1411 3368 multos
1439 3315 1667 3368 annos
1698 3314 1865 3366 cum
1890 3292 2272 3379 docuisset,
2296 3294 2590 3368 tandem
2623 3294 2941 3370 amicitia
2964 3295 3332 3372 strictiore·

530 3431 694 3482 cum
730 3406 1109 3483 Bonifacio
1141 3407 1513 3482 Gozadino
1545 3415 1929 3496 contracta,
1964 3409 2057 3484 ad
2088 3431 2258 3484 eum
2287 3409 2579 3504 scripsit

822 3521 937 3598 De
969 3523 1514 3622 Irregularitate
1586 3553 1591 3557 ·
2414 3525 2540 3598 lib.
2576 3543 2630 3598 1.

823 3639 1201 3715 Lectiones
1235 3638 1554 3713 Feriales
2335 3703 2344 3712 .
2419 3641 2544 3714 lib.
2581 3659 2633 3712 1.

623 3755 907 3834 Claruit
938 3778 1129 3830 anno
1164 3771 1499 3828 necem.
1598 3754 1995 3831 Alidosius.

1469 3983 2125 4060 BERNARDUS.
2231 3991 2398 4067 171.

529 4214 1070 4300 BERNABDUS,
1104 4215 1497 4290 monachus
1532 4215 1813 4303 Scotus,
1846 4214 2066 4289 abbas
2099 4214 2301 4290 Sacri
2336 4215 2671 4290 Nemoris
2703 4218 2784 4290 in
2815 4215 3078 4303 Scotia,
3113 4223 3331 4318 vulgo

534 4325 987 4426 Hatywood,
1018 4333 1445 4429 peregrinus
1486 4331 1581 4404 ad
1628 4335 1787 4406 loca
1828 4341 2075 4405 sancta
2118 4329 2540 4404 Dominicae
2573 4330 2931 4427 passionis
2959 4335 3336 4408 invisenda

530 4443 918 4539 profectus,
950 4447 1283 4544 diligenti
1314 4469 1491 4520 cura
1521 4456 1759 4522 totum
1791 4447 1975 4522 illud
2003 4448 2168 4532 iter,
2211 4449 2507 4542 locaque
2549 4457 2798 4524 meta
2839 4451 3330 4544 perlustravit,

531 4583 613 4634 ac
644 4561 903 4634 deinde
934 4562 1235 4636 domum
1268 4563 1503 4636 redux
1534 4565 1823 4658 scripsit
1853 4565 2111 4662 ingens
2144 4565 2484 4638 volumen

828 4675 943 4752 De
974 4677 1189 4754 Locis
1224 4677 1495 4752 Terrae
1526 4677 1831 4754 Sanctae
2397 4680 2524 4754 lib.
2563 4697 2646 4753 x.

632 4789 1242 4890 Peregrinabatur
1258 4813 1466 4867 anno
1500 4811 1917 4871 ncccnxx.
2020 4793 2222 4872 Citat
2255 4793 2920 4874 Malmesburiensis
2953 4795 3078 4872 lib.
3117 4813 3224 4869 ιν.
