4384 5817
2380 501 2475 591 iv

1039 717 1295 803 minis
1323 744 1600 803 mores
1635 715 2289 829 repraesentavit
2322 716 2379 799 J
2378 741 2591 803 anus
2628 716 2925 817 Nicius
2962 716 3505 829 Erythraeus,
3562 720 3813 807 Pina-

1045 848 1434 932 cothecae
1475 846 1952 958 Imaginum
1989 845 2451 931 illustrium
2490 847 2949 933 Doctrinae
2984 846 3120 931 vel
3158 847 3493 959 Ingenii
3520 847 3817 935 Laude

1046 976 1442 1059 Virorum
1489 987 1690 1060 tom.
1727 975 1784 1060 i.
1829 1003 1911 1087 p.
1947 982 2080 1059 24.
2139 1046 2146 1053 .
2196 987 2241 1025 ‘⁸
2278 974 2483 1060 Fuit
2518 976 2725 1059 haec
2760 1002 3087 1088 semper
3120 989 3511 1063 constans
3546 978 3817 1061 omni·-

1045 1132 1193 1189 um
1259 1104 1434 1189 fere
1498 1104 1938 1188 hominum
1999 1103 2307 1216 opinio,
2368 1129 2563 1187 eum
2624 1132 2803 1189 esse
2858 1104 2969 1189 ad
3032 1102 3469 1190 literarum
3534 1105 3813 1191 studia

1043 1234 1588 1344 aptissimum,
1625 1234 1777 1345 qui
1814 1233 1924 1317 sit
1951 1218 2541 1344 quietissimus
2579 1246 2668 1321 et
2700 1235 2811 1317 ab
2844 1234 3226 1319 omnium
3264 1234 3813 1321 certaminum

1046 1362 1587 1446 contentione
1621 1350 2269 1458 remotissimum
2328 1362 2561 1472 quod
2594 1362 3037 1449 mitissima
3088 1362 3529 1447 Musarum
3574 1362 3813 1447 natio

1045 1516 1220 1573 non
1258 1490 1566 1575 audeat
1601 1490 1710 1575 ad
1745 1518 1940 1575 eum
1979 1490 2393 1588 accedere,
2428 1490 2566 1573 eui
2594 1490 2959 1575 immane
2982 1516 3083 1577 ae
3112 1491 3349 1575 ferox
3374 1492 3812 1602 ingenium

1047 1644 1099 1699 a
1169 1630 1474 1702 natura
1545 1618 2015 1731 contigerit.
2138 1619 2323 1717 Sed,
2358 1618 2675 1706 --nescio
2736 1646 2913 1729 quo
2982 1633 3253 1731 paeto,
3308 1618 3467 1705 hac
3525 1631 3817 1705 nostra

1047 1752 1344 1846 aetate,
1380 1748 2094 1833 mansuetissimae
2125 1745 2320 1831 illae
2348 1774 2687 1848 sororeS,
2716 1776 3042 1839 summa
3068 1749 3327 1835 animi
3354 1747 3811 1849 voluntate,

1045 1874 1528 1987 complexae
1587 1888 1790 1965 sunt
1845 1878 2267 1961 Thomam
2320 1876 2923 1989 Dempsterum
2972 1878 3336 1979 Scotum,
3384 1877 3812 1964 hominem

1045 2002 1362 2087 factum
1401 2005 1510 2090 ad
1545 2004 1768 2090 bella
1804 2018 1890 2091 et
1929 2006 2559 2103 contentiones;
2618 2006 2931 2117 quippe
2984 2006 3137 2115 qui
3184 2004 3481 2091 leviter
3536 2035 3628 2090 re
3681 2004 3817 2091 vel

1044 2136 1300 2217 verbo
1363 2134 1816 2236 lacessitae,
1877 2136 2281 2220 continuo
2348 2135 2457 2220 ad
2523 2162 2754 2219 arma
2822 2134 3213 2244 rixasque
3277 2134 3811 2232 decurreret3

1048 2261 1386 2347 nullum
1423 2264 1688 2349 ferme
1726 2264 1974 2364 diem,
2011 2292 2062 2347 a
2109 2264 2871 2349 concertationibus
2929 2291 3311 2363 vacuum,
3364 2265 3815 2376 praeterire

1047 2390 1421 2507 sinebat3
1477 2393 1688 2504 quin
1749 2392 2160 2493 videlicet,
2230 2420 2421 2477 cum
2488 2390 2775 2503 aliquo
2842 2390 2975 2476 vel
3032 2392 3255 2477 ferro
3310 2392 3817 2494 decerneret,

1047 2519 1210 2619 vel,
1257 2521 1328 2604 si
1383 2522 1702 2605 ferrum
1751 2522 2036 2619 minus
2091 2532 2597 2633 suppeteret,
2646 2521 2953 2632 pugnis
3002 2548 3185 2611 rem
3238 2534 3575 2632 agerem
3640 2550 3813 2633 quo

919 2634 926 2641 ⁸
1046 2648 1324 2751 fiebat,
1361 2662 1465 2735 ut
1499 2660 1714 2735 esset
1752 2651 2251 2763 paedagogis
2290 2644 2679 2734 omnibus
2729 2648 3299 2735 formidabilis.
3412 2652 3577 2735 Sed
3626 2665 3812 2737 tum

1045 2776 1136 2860 in
1171 2778 1468 2889 primis
1503 2806 1842 2863 saevum
1894 2792 1982 2863 et
2033 2778 2551 2891 impavidum
2608 2805 2861 2879 suum
2912 2778 3291 2863 animum
3344 2779 3815 2883 declaravit,

1046 2934 1238 2990 cum
1279 2936 1330 2991 a
1357 2908 1840 3019 Grangerio,
1869 2906 2247 3019 Collegio
2276 2906 2879 2996 Bellovassensi
2916 2909 3359 3018 praefecto,
3386 2937 3651 3019 quem·
3672 2898 3817 2997 ne-

1043 3034 1274 3146 gotia
1337 3035 1791 3121 domestica
1857 3037 2192 3121 Parisiis
2246 3036 2673 3121 discedere
2726 3032 3061 3147 alioque
3116 3036 3523 3151 proficisci
3577 3069 3814 3152 coge-

1037 3165 1274 3265 ·bant,
1309 3164 1684 3248 muneris
1721 3166 1851 3249 sui
1892 3166 2787 3259 vicariusconstitutus
2810 3177 2963 3251 est.
3036 3164 3261 3251 Nam
3286 3166 3816 3269 adolescenti,

1041 3293 1190 3405 qui
1233 3295 1550 3377 socium
1590 3294 1698 3377 ad
1733 3292 2156 3405 singulare
2194 3307 2613 3379 certamen
2652 3308 3264 3406 provocaverat,
3296 3296 3673 3383 demissis
3706 3298 3815 3384 ad

1043 3420 1306 3507 calces
1344 3422 1902 3522 femoralibus
1933 3414 2423 3535 robustique
2451 3424 2813 3509 hominis
2842 3424 3217 3514 humeris
3246 3426 3491 3527 elate,
3523 3429 3613 3511 in
3640 3456 3817 3513 om·

1041 3552 1282 3635 nium
1322 3562 1797 3663 conspectu,
1835 3548 2148 3634 multas
2184 3549 2470 3663 plagas
2509 3553 2957 3665 imposuit;
3016 3582 3272 3666 quam
3324 3553 3471 3640 ille
3522 3569 3815 3641 eontu-

1043 3676 1380 3761 meliam
1419 3708 1614 3763 cum
1649 3680 1870 3763 ferre
1917 3707 2088 3763 non
2145 3693 2449 3791 posset,
2499 3708 2597 3765 ac
2650 3696 3093 3795 propterea
3143 3686 3565 3770 vindicare
3622 3716 3815 3771 con-

1044 3807 1472 3906 stituisset,
1512 3809 1650 3891 die
1687 3810 2054 3918 quodam
2094 3820 2267 3893 tres
2317 3809 2535 3895 viros
2594 3810 2937 3912 nobiles,
2988 3826 3383 3923 cognatos
3438 3843 3653 3917 su08,
3710 3844 3814 3901 ex

1041 3924 1288 4045 regis
1335 3937 1699 4047 corporis
1773 3934 2289 4037 custodibus,
2347 3938 2437 4021 in
2498 3938 2828 4051 collegii
2893 3942 3139 4025 aedes
3204 3941 3703 4043 introduxit,
3759 3972 3816 4027 a

1043 4064 1351 4175 quibus
1391 4057 1839 4175 Dempster
1877 4091 2072 4147 cum
2111 4066 2279 4149 vim
2324 4068 2479 4152 sibi
2532 4069 2804 4179 parari
2868 4069 3439 4173 intellexisset,
3489 4058 3817 4157 vocavit

1041 4192 1306 4277 socios
1342 4193 1450 4276 ad
1487 4220 1736 4293 arma,
1775 4218 2233 4305 omnesque
2284 4193 2609 4305 collegii
2662 4195 3020 4281 fiunulos
3066 4200 3321 4310 jussit
3370 4228 3563 4285 cum
3620 4200 3815 4285 telis

1045 4318 1496 4404 accurrere.
1609 4320 1771 4405 Sed
1825 4333 2076 4419 antea
2130 4320 2472 4407 illorum
2521 4353 2801 4437 equos,
2857 4355 3056 4437 prae
3082 4328 3421 4413 'foribus
3474 4331 3811 4415 aedium

1046 4450 1400 4551 relictos
1467 4449 2076 4539 trucidaveratz
2138 4448 2229 4534 at
2294 4478 2719 4539 servorum
2782 4453 3245 4541 multitudo
3308 4438 3631 4541 armata
3692 4458 3813 4543 ita

1045 4573 1256 4678 illos,
1301 4580 1446 4689 qui
1499 4581 1676 4689 jam
1727 4579 1897 4663 irae
1945 4574 2423 4692 furorisque
2471 4582 2701 4693 pleni
2757 4585 2849 4669 in
2906 4586 3441 4697 peristylium
3494 4588 3813 4700 irrupe-

1047 4717 1262 4811 rant,-
1300 4708 1872 4808 circumstetit,
1899 4708 2186 4822 itaque
2213 4710 2661 4797 formidine
2688 4711 3159 4826 complevit,
3178 4728 3289 4820 ‘ut
3316 4728 3815 4828 cogerentur
