<?xml version="1.0" encoding="UTF-8"?>
<!DOCTYPE html PUBLIC "-//W3C//DTD XHTML 1.0 Transitional//EN"
    "http://www.w3.org/TR/xhtml1/DTD/xhtml1-transitional.dtd">
<html xmlns="http://www.w3.org/1999/xhtml" xml:lang="en" lang="en">
 <head>
  <title>
</title>
<meta http-equiv="Content-Type" content="text/html;charset=utf-8" />
  <meta name='ocr-system' content='tesseract 3.04.00' />
  <meta name='ocr-capabilities' content='ocr_page ocr_carea ocr_par ocr_line ocrx_word'/>
</head>
<body>
  <div class='ocr_page' id='page_1' title='image "./thomaedempsteri00unkngoog_0207.png"; bbox 0 0 4384 5817; ppageno 0'>
   <div class='ocr_carea' id='block_1_1' title="bbox 997 505 3017 579">
    <p class='ocr_par' dir='ltr' id='par_1_1' title="bbox 997 505 3017 579">
     <span class='ocr_line' id='line_1_1' title="bbox 997 505 3017 579; baseline 0 -3"><span class='ocrx_word' id='word_1_1' title='bbox 997 513 1126 576; x_wconf 74' lang='lat'><strong>142</strong></span> <span class='ocrx_word' id='word_1_2' title='bbox 1759 508 2227 579; x_wconf 83' lang='lat' dir='ltr'>HISTORIA</span> <span class='ocrx_word' id='word_1_3' title='bbox 2270 505 3017 576; x_wconf 82' lang='lat' dir='ltr'><strong>ECCLESIASTICA</strong></span> 
     </span>
    </p>
   </div>
   <div class='ocr_carea' id='block_1_2' title="bbox 1939 811 2851 886">
    <p class='ocr_par' dir='ltr' id='par_1_2' title="bbox 1939 811 2851 886">
     <span class='ocr_line' id='line_1_2' title="bbox 1939 811 2851 886; baseline 0 -2"><span class='ocrx_word' id='word_1_4' title='bbox 1939 812 2018 884; x_wconf 88' lang='lat' dir='ltr'><strong>S.</strong></span> <span class='ocrx_word' id='word_1_5' title='bbox 2070 811 2577 886; x_wconf 88' lang='lat' dir='ltr'><strong>CONANUS.</strong></span> <span class='ocrx_word' id='word_1_6' title='bbox 2680 817 2851 886; x_wconf 74' lang='lat'><strong>243.</strong></span> 
     </span>
    </p>
   </div>
   <div class='ocr_carea' id='block_1_3' title="bbox 1006 1044 3801 2174">
    <p class='ocr_par' dir='ltr' id='par_1_3' title="bbox 1006 1044 3801 2174">
     <span class='ocr_line' id='line_1_3' title="bbox 1009 1044 3793 1139; baseline 0 -19"><span class='ocrx_word' id='word_1_7' title='bbox 1009 1049 1082 1120; x_wconf 90' lang='lat' dir='ltr'><strong>S.</strong></span> <span class='ocrx_word' id='word_1_8' title='bbox 1118 1049 1537 1130; x_wconf 79' lang='lat' dir='ltr'><strong>CONANUS,</strong></span> <span class='ocrx_word' id='word_1_9' title='bbox 1569 1044 1960 1116; x_wconf 85' lang='lat' dir='ltr'><strong>monachus</strong></span> <span class='ocrx_word' id='word_1_10' title='bbox 2008 1053 2080 1115; x_wconf 89' lang='lat' dir='ltr'><strong>et</strong></span> <span class='ocrx_word' id='word_1_11' title='bbox 2131 1044 2525 1136; x_wconf 83' lang='lat' dir='ltr'><strong>presbyter,</strong></span> <span class='ocrx_word' id='word_1_12' title='bbox 2570 1065 2759 1114; x_wconf 89' lang='lat' dir='ltr'><strong>unus</strong></span> <span class='ocrx_word' id='word_1_13' title='bbox 2802 1065 2844 1114; x_wconf 90' lang='lat' dir='ltr'><strong>e</strong></span> <span class='ocrx_word' id='word_1_14' title='bbox 2892 1044 3265 1116; x_wconf 77' lang='lat' dir='ltr'><strong>duodecim</strong></span> <span class='ocrx_word' id='word_1_15' title='bbox 3314 1046 3459 1118; x_wconf 83' lang='lat' dir='ltr'><strong>illis</strong></span> <span class='ocrx_word' id='word_1_16' title='bbox 3508 1057 3793 1139; x_wconf 86' lang='lat' dir='ltr'><strong>aposto·</strong></span> 
     </span>
     <span class='ocr_line' id='line_1_4' title="bbox 1006 1158 3798 1258; baseline -0.001 -22"><span class='ocrx_word' id='word_1_17' title='bbox 1006 1165 1161 1236; x_wconf 81' lang='lat' dir='ltr'><strong>licis</strong></span> <span class='ocrx_word' id='word_1_18' title='bbox 1197 1163 1376 1234; x_wconf 87' lang='lat' dir='ltr'><strong>viris</strong></span> <span class='ocrx_word' id='word_1_19' title='bbox 1411 1163 1538 1254; x_wconf 90' lang='lat' dir='ltr'><strong>qui</strong></span> <span class='ocrx_word' id='word_1_20' title='bbox 1579 1161 2005 1255; x_wconf 85' lang='lat' dir='ltr'><strong>magistrum</strong></span> <span class='ocrx_word' id='word_1_21' title='bbox 2051 1159 2577 1230; x_wconf 83' lang='lat' dir='ltr'><strong>columbanum</strong></span> <span class='ocrx_word' id='word_1_22' title='bbox 2618 1160 2707 1229; x_wconf 92' lang='lat' dir='ltr'><strong>de</strong></span> <span class='ocrx_word' id='word_1_23' title='bbox 2750 1158 2991 1231; x_wconf 84' lang='lat' dir='ltr'><strong>Scotia</strong></span> <span class='ocrx_word' id='word_1_24' title='bbox 3030 1161 3279 1246; x_wconf 83' lang='lat' dir='ltr'><strong>secuti,</strong></span> <span class='ocrx_word' id='word_1_25' title='bbox 3332 1163 3413 1232; x_wconf 89' lang='lat' dir='ltr'><strong>in</strong></span> <span class='ocrx_word' id='word_1_26' title='bbox 3458 1161 3798 1258; x_wconf 82' lang='lat' dir='ltr'><strong>Burgun-</strong></span> 
     </span>
     <span class='ocr_line' id='line_1_5' title="bbox 1010 1276 3796 1370; baseline -0.001 -19"><span class='ocrx_word' id='word_1_27' title='bbox 1010 1282 1204 1351; x_wconf 90' lang='lat' dir='ltr'><strong>diam</strong></span> <span class='ocrx_word' id='word_1_28' title='bbox 1261 1287 1762 1370; x_wconf 84' lang='lat' dir='ltr'><strong>pervenerunt,</strong></span> <span class='ocrx_word' id='word_1_29' title='bbox 1823 1299 2046 1368; x_wconf 89' lang='lat' dir='ltr'><strong>eoque</strong></span> <span class='ocrx_word' id='word_1_30' title='bbox 2094 1276 2263 1345; x_wconf 88' lang='lat' dir='ltr'><strong>inde</strong></span> <span class='ocrx_word' id='word_1_31' title='bbox 2306 1277 2625 1365; x_wconf 83' lang='lat' dir='ltr'><strong>expulso,</strong></span> <span class='ocrx_word' id='word_1_32' title='bbox 2674 1277 2790 1345; x_wconf 82' lang='lat' dir='ltr'><strong>vel</strong></span> <span class='ocrx_word' id='word_1_33' title='bbox 2832 1276 3225 1369; x_wconf 84' lang='lat' dir='ltr'><strong>evangelici</strong></span> <span class='ocrx_word' id='word_1_34' title='bbox 3268 1280 3591 1349; x_wconf 88' lang='lat' dir='ltr'><strong>muueris</strong></span> <span class='ocrx_word' id='word_1_35' title='bbox 3634 1301 3796 1349; x_wconf 82' lang='lat' dir='ltr'><strong>eum</strong></span> 
     </span>
     <span class='ocr_line' id='line_1_6' title="bbox 1009 1388 3796 1486; baseline -0.001 -22"><span class='ocrx_word' id='word_1_36' title='bbox 1009 1398 1154 1478; x_wconf 88' lang='lat' dir='ltr'><strong>illo,</strong></span> <span class='ocrx_word' id='word_1_37' title='bbox 1200 1417 1330 1486; x_wconf 85' lang='lat' dir='ltr'><strong>per</strong></span> <span class='ocrx_word' id='word_1_38' title='bbox 1372 1393 1730 1475; x_wconf 87' lang='lat' dir='ltr'><strong>Aurelios,</strong></span> <span class='ocrx_word' id='word_1_39' title='bbox 1777 1391 2255 1472; x_wconf 89' lang='lat' dir='ltr'><strong>Turonenses,</strong></span> <span class='ocrx_word' id='word_1_40' title='bbox 2301 1389 2691 1471; x_wconf 84' lang='lat' dir='ltr'><strong>Nannetes,</strong></span> <span class='ocrx_word' id='word_1_41' title='bbox 2748 1398 2823 1459; x_wconf 88' lang='lat' dir='ltr'><strong>et</strong></span> <span class='ocrx_word' id='word_1_42' title='bbox 2872 1388 3334 1474; x_wconf 86' lang='lat' dir='ltr'><strong>Parisienses‚</strong></span> <span class='ocrx_word' id='word_1_43' title='bbox 3390 1393 3796 1484; x_wconf 80' lang='lat' dir='ltr'><strong>participes,</strong></span> 
     </span>
     <span class='ocr_line' id='line_1_7' title="bbox 1011 1505 3795 1600; baseline -0 -20"><span class='ocrx_word' id='word_1_44' title='bbox 1011 1512 1124 1582; x_wconf 87' lang='lat' dir='ltr'><strong>vel</strong></span> <span class='ocrx_word' id='word_1_45' title='bbox 1157 1511 1326 1580; x_wconf 88' lang='lat' dir='ltr'><strong>hinc</strong></span> <span class='ocrx_word' id='word_1_46' title='bbox 1368 1509 1534 1578; x_wconf 91' lang='lat' dir='ltr'><strong>inde</strong></span> <span class='ocrx_word' id='word_1_47' title='bbox 1577 1509 1670 1578; x_wconf 86' lang='lat' dir='ltr'><strong>ad</strong></span> <span class='ocrx_word' id='word_1_48' title='bbox 1715 1507 2164 1576; x_wconf 83' lang='lat' dir='ltr'><strong>ecclesiarum</strong></span> <span class='ocrx_word' id='word_1_49' title='bbox 2212 1526 2443 1588; x_wconf 87' lang='lat' dir='ltr'><strong>curas,</strong></span> <span class='ocrx_word' id='word_1_50' title='bbox 2492 1527 2576 1575; x_wconf 91' lang='lat' dir='ltr'><strong>eo</strong></span> <span class='ocrx_word' id='word_1_51' title='bbox 2622 1505 3028 1588; x_wconf 84' lang='lat' dir='ltr'><strong>mandante,</strong></span> <span class='ocrx_word' id='word_1_52' title='bbox 3076 1505 3358 1600; x_wconf 81' lang='lat' dir='ltr'><strong>dilapsi,</strong></span> <span class='ocrx_word' id='word_1_53' title='bbox 3400 1515 3487 1578; x_wconf 87' lang='lat' dir='ltr'><strong>ut</strong></span> <span class='ocrx_word' id='word_1_54' title='bbox 3534 1508 3623 1578; x_wconf 90' lang='lat' dir='ltr'><strong>de</strong></span> <span class='ocrx_word' id='word_1_55' title='bbox 3672 1507 3795 1580; x_wconf 91' lang='lat' dir='ltr'><strong>SS.</strong></span> 
     </span>
     <span class='ocr_line' id='line_1_8' title="bbox 1011 1605 3797 1716; baseline -0.001 -20"><span class='ocrx_word' id='word_1_56' title='bbox 1011 1625 1400 1716; x_wconf 86' lang='lat' dir='ltr'><strong>Sampsone</strong></span> <span class='ocrx_word' id='word_1_57' title='bbox 1435 1630 1508 1694; x_wconf 91' lang='lat' dir='ltr'><strong>et</strong></span> <span class='ocrx_word' id='word_1_58' title='bbox 1543 1623 1927 1692; x_wconf 87' lang='lat' dir='ltr'><strong>Potentino</strong></span> <span class='ocrx_word' id='word_1_59' title='bbox 1961 1619 2154 1690; x_wconf 87' lang='lat' dir='ltr'><strong>infra</strong></span> <span class='ocrx_word' id='word_1_60' title='bbox 2183 1621 2483 1698; x_wconf 86' lang='lat' dir='ltr'><strong>dicetur.</strong></span> <span class='ocrx_word' id='word_1_61' title='bbox 2560 1619 2704 1690; x_wconf 85' lang='lat' dir='ltr'><strong>Hic</strong></span> <span class='ocrx_word' id='word_1_62' title='bbox 2738 1641 2909 1691; x_wconf 83' lang='lat' dir='ltr'><strong>vero</strong></span> <span class='ocrx_word' id='word_1_63' title='bbox 2942 1642 3033 1690; x_wconf 89' lang='lat' dir='ltr'><strong>an</strong></span> <span class='ocrx_word' id='word_1_64' title='bbox 3071 1622 3463 1692; x_wconf 86' lang='lat' dir='ltr'><strong>claustrum</strong></span> <span class='ocrx_word' id='word_1_65' title='bbox 3488 1605 3797 1694; x_wconf 85' lang='lat' dir='ltr'><strong>fratrum</strong></span> 
     </span>
     <span class='ocr_line' id='line_1_9' title="bbox 1009 1733 3801 1829; baseline -0 -19"><span class='ocrx_word' id='word_1_66' title='bbox 1009 1743 1086 1812; x_wconf 92' lang='lat' dir='ltr'><strong>in</strong></span> <span class='ocrx_word' id='word_1_67' title='bbox 1121 1740 1356 1811; x_wconf 88' lang='lat' dir='ltr'><strong>Gallia</strong></span> <span class='ocrx_word' id='word_1_68' title='bbox 1387 1738 1776 1829; x_wconf 81' lang='lat' dir='ltr'><strong>susceperit</strong></span> <span class='ocrx_word' id='word_1_69' title='bbox 1805 1737 2221 1829; x_wconf 88' lang='lat' dir='ltr'><strong>regendum,</strong></span> <span class='ocrx_word' id='word_1_70' title='bbox 2256 1757 2349 1804; x_wconf 88' lang='lat' dir='ltr'><strong>an</strong></span> <span class='ocrx_word' id='word_1_71' title='bbox 2384 1757 2547 1804; x_wconf 90' lang='lat' dir='ltr'><strong>cum</strong></span> <span class='ocrx_word' id='word_1_72' title='bbox 2580 1733 2843 1808; x_wconf 87' lang='lat' dir='ltr'><strong>Sancto</strong></span> <span class='ocrx_word' id='word_1_73' title='bbox 2876 1733 3083 1806; x_wconf 90' lang='lat' dir='ltr'><strong>Gallo</strong></span> <span class='ocrx_word' id='word_1_74' title='bbox 3116 1738 3193 1806; x_wconf 88' lang='lat' dir='ltr'><strong>in</strong></span> <span class='ocrx_word' id='word_1_75' title='bbox 3230 1735 3585 1808; x_wconf 83' lang='lat' dir='ltr'><strong>Helvetiis</strong></span> <span class='ocrx_word' id='word_1_76' title='bbox 3632 1739 3801 1810; x_wconf 88' lang='lat' dir='ltr'><strong>hae-</strong></span> 
     </span>
     <span class='ocr_line' id='line_1_10' title="bbox 1011 1848 3799 1945; baseline -0.001 -17"><span class='ocrx_word' id='word_1_77' title='bbox 1011 1858 1207 1939; x_wconf 85' lang='lat' dir='ltr'><strong>serit,</strong></span> <span class='ocrx_word' id='word_1_78' title='bbox 1241 1876 1332 1926; x_wconf 85' lang='lat' dir='ltr'><strong>an</strong></span> <span class='ocrx_word' id='word_1_79' title='bbox 1367 1855 1652 1924; x_wconf 90' lang='lat' dir='ltr'><strong>demum</strong></span> <span class='ocrx_word' id='word_1_80' title='bbox 1689 1873 1850 1922; x_wconf 88' lang='lat' dir='ltr'><strong>cum</strong></span> <span class='ocrx_word' id='word_1_81' title='bbox 1885 1851 2231 1945; x_wconf 88' lang='lat' dir='ltr'><strong>magistro</strong></span> <span class='ocrx_word' id='word_1_82' title='bbox 2266 1848 2477 1920; x_wconf 86' lang='lat' dir='ltr'><strong>Bobii</strong></span> <span class='ocrx_word' id='word_1_83' title='bbox 2512 1851 2799 1934; x_wconf 76' lang='lat' dir='ltr'><strong>vixerit,</strong></span> <span class='ocrx_word' id='word_1_84' title='bbox 2836 1872 2983 1921; x_wconf 89' lang='lat' dir='ltr'><strong>non</strong></span> <span class='ocrx_word' id='word_1_85' title='bbox 3004 1849 3291 1934; x_wconf 86' lang='lat' dir='ltr'><strong>definio,</strong></span> <span class='ocrx_word' id='word_1_86' title='bbox 3318 1873 3449 1922; x_wconf 85' lang='lat' dir='ltr'><strong>nec</strong></span> <span class='ocrx_word' id='word_1_87' title='bbox 3474 1852 3547 1923; x_wconf 88' lang='lat' dir='ltr'><strong>S.</strong></span> <span class='ocrx_word' id='word_1_88' title='bbox 3574 1852 3799 1925; x_wconf 81' lang='lat' dir='ltr'><strong>Jonas</strong></span> 
     </span>
     <span class='ocr_line' id='line_1_11' title="bbox 1012 1969 1636 2061; baseline -0.01 -18"><span class='ocrx_word' id='word_1_89' title='bbox 1012 1969 1266 2042; x_wconf 86' lang='lat' dir='ltr'><strong>Scotus</strong></span> <span class='ocrx_word' id='word_1_90' title='bbox 1298 1969 1636 2061; x_wconf 80' lang='lat' dir='ltr'><strong>prodidit.</strong></span> 
     </span>
     <span class='ocr_line' id='line_1_12' title="bbox 1108 2078 3445 2174; baseline -0.001 -18"><span class='ocrx_word' id='word_1_91' title='bbox 1108 2085 1313 2156; x_wconf 83' lang='lat' dir='ltr'><strong>Vixit</strong></span> <span class='ocrx_word' id='word_1_92' title='bbox 1349 2105 1537 2155; x_wconf 91' lang='lat' dir='ltr'><strong>anno</strong></span> <span class='ocrx_word' id='word_1_93' title='bbox 1573 2101 1770 2153; x_wconf 72' lang='lat' dir='ltr'><strong>mu..</strong></span> <span class='ocrx_word' id='word_1_94' title='bbox 1805 2090 1880 2154; x_wconf 86' lang='lat' dir='ltr'><strong>et</strong></span> <span class='ocrx_word' id='word_1_95' title='bbox 1911 2081 2106 2174; x_wconf 89' lang='lat' dir='ltr'><strong>quod</strong></span> <span class='ocrx_word' id='word_1_96' title='bbox 2137 2081 2475 2152; x_wconf 85' lang='lat' dir='ltr'><strong>excurrit.</strong></span> <span class='ocrx_word' id='word_1_97' title='bbox 2563 2078 2775 2150; x_wconf 89' lang='lat' dir='ltr'><strong>Diem</strong></span> <span class='ocrx_word' id='word_1_98' title='bbox 2810 2102 2957 2152; x_wconf 90' lang='lat' dir='ltr'><strong>non</strong></span> <span class='ocrx_word' id='word_1_99' title='bbox 2990 2079 3445 2174; x_wconf 84' lang='lat' dir='ltr'><strong>deprehendi.</strong></span> 
     </span>
    </p>
   </div>
   <div class='ocr_carea' id='block_1_4' title="bbox 1893 2309 2925 2384">
    <p class='ocr_par' dir='ltr' id='par_1_4' title="bbox 1893 2309 2925 2384">
     <span class='ocr_line' id='line_1_13' title="bbox 1893 2309 2925 2384; baseline 0.001 -1"><span class='ocrx_word' id='word_1_100' title='bbox 1893 2312 1966 2384; x_wconf 88' lang='lat' dir='ltr'><strong>S.</strong></span> <span class='ocrx_word' id='word_1_101' title='bbox 2017 2309 2653 2384; x_wconf 86' lang='lat' dir='ltr'><strong>COLONATUS.</strong></span> <span class='ocrx_word' id='word_1_102' title='bbox 2758 2317 2925 2384; x_wconf 77' lang='lat'><strong>244.</strong></span> 
     </span>
    </p>
   </div>
   <div class='ocr_carea' id='block_1_5' title="bbox 1010 2541 3797 3910">
    <p class='ocr_par' dir='ltr' id='par_1_5' title="bbox 1010 2541 3797 3332">
     <span class='ocr_line' id='line_1_14' title="bbox 1012 2541 3796 2642; baseline 0.001 -23"><span class='ocrx_word' id='word_1_103' title='bbox 1012 2548 1087 2619; x_wconf 91' lang='lat' dir='ltr'><strong>S.</strong></span> <span class='ocrx_word' id='word_1_104' title='bbox 1124 2546 1626 2620; x_wconf 76' lang='lat' dir='ltr'>COLONATUS</span> <span class='ocrx_word' id='word_1_105' title='bbox 1670 2545 2263 2639; x_wconf 82' lang='lat' dir='ltr'><strong>peregrinationis</strong></span> <span class='ocrx_word' id='word_1_106' title='bbox 2310 2542 2385 2613; x_wconf 91' lang='lat' dir='ltr'><strong>S.</strong></span> <span class='ocrx_word' id='word_1_107' title='bbox 2423 2541 2697 2614; x_wconf 85' lang='lat' dir='ltr'><strong>Kiliani</strong></span> <span class='ocrx_word' id='word_1_108' title='bbox 2746 2553 2820 2616; x_wconf 89' lang='lat' dir='ltr'><strong>et</strong></span> <span class='ocrx_word' id='word_1_109' title='bbox 2870 2547 3201 2640; x_wconf 85' lang='lat' dir='ltr'><strong>martyrii</strong></span> <span class='ocrx_word' id='word_1_110' title='bbox 3252 2549 3540 2642; x_wconf 85' lang='lat' dir='ltr'><strong>collega.</strong></span> <span class='ocrx_word' id='word_1_111' title='bbox 3586 2547 3637 2618; x_wconf 90' lang='lat' dir='ltr'><strong>J</strong></span> <span class='ocrx_word' id='word_1_112' title='bbox 3638 2573 3796 2623; x_wconf 86' lang='lat' dir='ltr'><strong>oan.</strong></span> 
     </span>
     <span class='ocr_line' id='line_1_15' title="bbox 1013 2656 3795 2758; baseline 0.001 -24"><span class='ocrx_word' id='word_1_113' title='bbox 1013 2663 1463 2758; x_wconf 82' lang='lat' dir='ltr'><strong>Capgravius</strong></span> <span class='ocrx_word' id='word_1_114' title='bbox 1491 2669 1564 2732; x_wconf 92' lang='lat' dir='ltr'><strong>et</strong></span> <span class='ocrx_word' id='word_1_115' title='bbox 1589 2659 1898 2730; x_wconf 85' lang='lat' dir='ltr'><strong>Balaeus</strong></span> <span class='ocrx_word' id='word_1_116' title='bbox 1922 2656 2359 2754; x_wconf 84' lang='lat' dir='ltr'><strong>Sudovolga,</strong></span> <span class='ocrx_word' id='word_1_117' title='bbox 2391 2669 2693 2753; x_wconf 87' lang='lat' dir='ltr'><strong>uterque</strong></span> <span class='ocrx_word' id='word_1_118' title='bbox 2726 2657 3037 2756; x_wconf 82' lang='lat' dir='ltr'><strong>Anglus,</strong></span> <span class='ocrx_word' id='word_1_119' title='bbox 3062 2661 3183 2735; x_wconf 88' lang='lat' dir='ltr'><strong>ille</strong></span> <span class='ocrx_word' id='word_1_120' title='bbox 3208 2663 3425 2734; x_wconf 87' lang='lat' dir='ltr'><strong>etiam</strong></span> <span class='ocrx_word' id='word_1_121' title='bbox 3450 2674 3795 2755; x_wconf 84' lang='lat' dir='ltr'><strong>apostata,</strong></span> 
     </span>
     <span class='ocr_line' id='line_1_16' title="bbox 1011 2774 3797 2873; baseline 0 -23"><span class='ocrx_word' id='word_1_122' title='bbox 1011 2787 1338 2850; x_wconf 84' lang='lat' dir='ltr'><strong>sanctum</strong></span> <span class='ocrx_word' id='word_1_123' title='bbox 1370 2777 1562 2847; x_wconf 89' lang='lat' dir='ltr'><strong>hunc</strong></span> <span class='ocrx_word' id='word_1_124' title='bbox 1596 2775 1835 2847; x_wconf 81' lang='lat' dir='ltr'><strong>virum</strong></span> <span class='ocrx_word' id='word_1_125' title='bbox 1871 2774 2253 2846; x_wconf 87' lang='lat' dir='ltr'><strong>honorifice</strong></span> <span class='ocrx_word' id='word_1_126' title='bbox 2300 2776 2747 2866; x_wconf 88' lang='lat' dir='ltr'><strong>compellant,</strong></span> <span class='ocrx_word' id='word_1_127' title='bbox 2788 2798 2919 2846; x_wconf 86' lang='lat' dir='ltr'><strong>nec</strong></span> <span class='ocrx_word' id='word_1_128' title='bbox 2960 2799 3224 2848; x_wconf 85' lang='lat' dir='ltr'><strong>nomen</strong></span> <span class='ocrx_word' id='word_1_129' title='bbox 3272 2780 3430 2873; x_wconf 88' lang='lat' dir='ltr'><strong>ejus</strong></span> <span class='ocrx_word' id='word_1_130' title='bbox 3474 2781 3555 2850; x_wconf 87' lang='lat' dir='ltr'><strong>in</strong></span> <span class='ocrx_word' id='word_1_131' title='bbox 3601 2779 3797 2851; x_wconf 86' lang='lat' dir='ltr'><strong>Mar-</strong></span> 
     </span>
     <span class='ocr_line' id='line_1_17' title="bbox 1010 2891 3793 2987; baseline 0 -22"><span class='ocrx_word' id='word_1_132' title='bbox 1010 2893 1416 2986; x_wconf 79' lang='lat' dir='ltr'><strong>tyrologio;</strong></span> <span class='ocrx_word' id='word_1_133' title='bbox 1471 2892 1804 2962; x_wconf 81' lang='lat' dir='ltr'><strong>existimo</strong></span> <span class='ocrx_word' id='word_1_134' title='bbox 1824 2927 1832 2936; x_wconf 92' lang='lat'><em>·</em></span> <span class='ocrx_word' id='word_1_135' title='bbox 1851 2912 2025 2984; x_wconf 87' lang='lat' dir='ltr'><strong>ergo</strong></span> <span class='ocrx_word' id='word_1_136' title='bbox 2073 2892 2313 2980; x_wconf 88' lang='lat' dir='ltr'><strong>plures</strong></span> <span class='ocrx_word' id='word_1_137' title='bbox 2364 2891 2557 2961; x_wconf 89' lang='lat' dir='ltr'><strong>illius</strong></span> <span class='ocrx_word' id='word_1_138' title='bbox 2612 2892 2943 2984; x_wconf 85' lang='lat' dir='ltr'><strong>martyrii</strong></span> <span class='ocrx_word' id='word_1_139' title='bbox 2992 2893 3217 2964; x_wconf 86' lang='lat' dir='ltr'><strong>socios</strong></span> <span class='ocrx_word' id='word_1_140' title='bbox 3274 2893 3521 2977; x_wconf 82' lang='lat' dir='ltr'><strong>fuisse,</strong></span> <span class='ocrx_word' id='word_1_141' title='bbox 3578 2917 3793 2987; x_wconf 86' lang='lat' dir='ltr'><strong>quam</strong></span> 
     </span>
     <span class='ocr_line' id='line_1_18' title="bbox 1012 3004 3797 3100; baseline 0.001 -21"><span class='ocrx_word' id='word_1_142' title='bbox 1012 3009 1360 3080; x_wconf 88' lang='lat' dir='ltr'><strong>hactenus</strong></span> <span class='ocrx_word' id='word_1_143' title='bbox 1395 3008 1542 3078; x_wconf 90' lang='lat' dir='ltr'><strong>sint</strong></span> <span class='ocrx_word' id='word_1_144' title='bbox 1574 3007 1960 3078; x_wconf 87' lang='lat' dir='ltr'><strong>numerati.</strong></span> <span class='ocrx_word' id='word_1_145' title='bbox 2063 3004 2217 3076; x_wconf 88' lang='lat' dir='ltr'><strong>Nec</strong></span> <span class='ocrx_word' id='word_1_146' title='bbox 2250 3009 2458 3098; x_wconf 88' lang='lat' dir='ltr'><strong>plura</strong></span> <span class='ocrx_word' id='word_1_147' title='bbox 2504 3006 2592 3075; x_wconf 88' lang='lat' dir='ltr'><strong>de</strong></span> <span class='ocrx_word' id='word_1_148' title='bbox 2638 3004 3007 3090; x_wconf 71' lang='lat' dir='ltr'><strong>Colonum,</strong></span> <span class='ocrx_word' id='word_1_149' title='bbox 3040 3010 3171 3100; x_wconf 88' lang='lat' dir='ltr'><strong>qui</strong></span> <span class='ocrx_word' id='word_1_150' title='bbox 3216 3009 3503 3100; x_wconf 84' lang='lat' dir='ltr'><strong>scripsit</strong></span> <span class='ocrx_word' id='word_1_151' title='bbox 3548 3013 3797 3094; x_wconf 83' lang='lat' dir='ltr'><strong>muita,</strong></span> 
     </span>
     <span class='ocr_line' id='line_1_19' title="bbox 1011 3122 3797 3218; baseline 0.001 -23"><span class='ocrx_word' id='word_1_152' title='bbox 1011 3124 1136 3195; x_wconf 86' lang='lat' dir='ltr'><strong>sed</strong></span> <span class='ocrx_word' id='word_1_153' title='bbox 1211 3125 1483 3218; x_wconf 88' lang='lat' dir='ltr'><strong>injuria</strong></span> <span class='ocrx_word' id='word_1_154' title='bbox 1559 3123 1900 3214; x_wconf 85' lang='lat' dir='ltr'><strong>temporis</strong></span> <span class='ocrx_word' id='word_1_155' title='bbox 1973 3129 2102 3194; x_wconf 86' lang='lat' dir='ltr'><strong>aut</strong></span> <span class='ocrx_word' id='word_1_156' title='bbox 2167 3122 2653 3194; x_wconf 87' lang='lat' dir='ltr'><strong>studiosorum</strong></span> <span class='ocrx_word' id='word_1_157' title='bbox 2708 3122 3148 3215; x_wconf 85' lang='lat' dir='ltr'><strong>negligentia</strong></span> <span class='ocrx_word' id='word_1_158' title='bbox 3213 3125 3601 3216; x_wconf 85' lang='lat' dir='ltr'><strong>perierunt,</strong></span> <span class='ocrx_word' id='word_1_159' title='bbox 3668 3149 3797 3198; x_wconf 89' lang='lat' dir='ltr'><strong>nec</strong></span> 
     </span>
     <span class='ocr_line' id='line_1_20' title="bbox 1012 3240 2239 3332; baseline -0.002 -22"><span class='ocrx_word' id='word_1_160' title='bbox 1012 3241 1393 3332; x_wconf 86' lang='lat' dir='ltr'><strong>quiequam</strong></span> <span class='ocrx_word' id='word_1_161' title='bbox 1425 3240 1567 3310; x_wconf 90' lang='lat' dir='ltr'><strong>nisi</strong></span> <span class='ocrx_word' id='word_1_162' title='bbox 1600 3261 1860 3311; x_wconf 87' lang='lat' dir='ltr'><strong>nomen</strong></span> <span class='ocrx_word' id='word_1_163' title='bbox 1894 3245 2239 3329; x_wconf 87' lang='lat' dir='ltr'><strong>superest.</strong></span> 
     </span>
    </p>

    <p class='ocr_par' dir='ltr' id='par_1_6' title="bbox 1012 3350 3797 3910">
     <span class='ocr_line' id='line_1_21' title="bbox 1110 3350 3796 3446; baseline 0.002 -22"><span class='ocrx_word' id='word_1_164' title='bbox 1110 3353 1394 3427; x_wconf 86' lang='lat' dir='ltr'><strong>Floruit</strong></span> <span class='ocrx_word' id='word_1_165' title='bbox 1435 3376 1625 3425; x_wconf 89' lang='lat' dir='ltr'><strong>anno</strong></span> <span class='ocrx_word' id='word_1_166' title='bbox 1660 3371 2028 3424; x_wconf 85' lang='lat' dir='ltr'><strong>Dcxcvu.</strong></span> <span class='ocrx_word' id='word_1_167' title='bbox 2079 3375 2225 3445; x_wconf 91' lang='lat' dir='ltr'><strong>quo</strong></span> <span class='ocrx_word' id='word_1_168' title='bbox 2270 3377 2315 3422; x_wconf 87' lang='lat' dir='ltr'><strong>a</strong></span> <span class='ocrx_word' id='word_1_169' title='bbox 2358 3350 2657 3423; x_wconf 84' lang='lat' dir='ltr'><strong>Geilana</strong></span> <span class='ocrx_word' id='word_1_170' title='bbox 2700 3375 2866 3424; x_wconf 84' lang='lat' dir='ltr'><strong>cum</strong></span> <span class='ocrx_word' id='word_1_171' title='bbox 2910 3353 3261 3446; x_wconf 86' lang='lat' dir='ltr'><strong>magistro</strong></span> <span class='ocrx_word' id='word_1_172' title='bbox 3308 3364 3419 3426; x_wconf 88' lang='lat' dir='ltr'><strong>est</strong></span> <span class='ocrx_word' id='word_1_173' title='bbox 3462 3357 3796 3428; x_wconf 86' lang='lat' dir='ltr'><strong>interem-</strong></span> 
     </span>
     <span class='ocr_line' id='line_1_22' title="bbox 1012 3467 3794 3561; baseline 0.001 -21"><span class='ocrx_word' id='word_1_174' title='bbox 1012 3478 1204 3561; x_wconf 86' lang='lat' dir='ltr'><strong>ptus.</strong></span> <span class='ocrx_word' id='word_1_175' title='bbox 1306 3469 1590 3541; x_wconf 86' lang='lat' dir='ltr'><strong>Colitur</strong></span> <span class='ocrx_word' id='word_1_176' title='bbox 1638 3469 1754 3539; x_wconf 92' lang='lat' dir='ltr'><strong>die</strong></span> <span class='ocrx_word' id='word_1_177' title='bbox 1787 3487 1996 3539; x_wconf 82' lang='lat' dir='ltr'><strong>xvu.</strong></span> <span class='ocrx_word' id='word_1_178' title='bbox 2052 3467 2329 3550; x_wconf 90' lang='lat' dir='ltr'><strong>Martii,</strong></span> <span class='ocrx_word' id='word_1_179' title='bbox 2380 3475 2465 3538; x_wconf 91' lang='lat' dir='ltr'><strong>ut</strong></span> <span class='ocrx_word' id='word_1_180' title='bbox 2511 3489 2601 3537; x_wconf 83' lang='lat' dir='ltr'><strong>ex</strong></span> <span class='ocrx_word' id='word_1_181' title='bbox 2648 3467 2988 3539; x_wconf 86' lang='lat' dir='ltr'><strong>Annalib.</strong></span> <span class='ocrx_word' id='word_1_182' title='bbox 3036 3468 3405 3539; x_wconf 89' lang='lat' dir='ltr'><strong>Artimani</strong></span> <span class='ocrx_word' id='word_1_183' title='bbox 3465 3472 3794 3543; x_wconf 88' lang='lat' dir='ltr'><strong>monachi</strong></span> 
     </span>
     <span class='ocr_line' id='line_1_23' title="bbox 1016 3582 3795 3692; baseline 0.001 -37"><span class='ocrx_word' id='word_1_184' title='bbox 1016 3585 1290 3692; x_wconf 82' lang='lat' dir='ltr'><strong>colligit</strong></span> <span class='ocrx_word' id='word_1_185' title='bbox 1316 3585 1576 3656; x_wconf 86' lang='lat' dir='ltr'><strong>Petrus</strong></span> <span class='ocrx_word' id='word_1_186' title='bbox 1604 3583 2043 3667; x_wconf 79' lang='lat' dir='ltr'><strong>Galesinius3</strong></span> <span class='ocrx_word' id='word_1_187' title='bbox 2080 3583 2205 3652; x_wconf 88' lang='lat' dir='ltr'><strong>sed</strong></span> <span class='ocrx_word' id='word_1_188' title='bbox 2238 3603 2419 3674; x_wconf 91' lang='lat' dir='ltr'><strong>quae</strong></span> <span class='ocrx_word' id='word_1_189' title='bbox 2452 3582 2550 3652; x_wconf 90' lang='lat' dir='ltr'><strong>sit</strong></span> <span class='ocrx_word' id='word_1_190' title='bbox 2582 3605 2667 3652; x_wconf 86' lang='lat' dir='ltr'><strong>ea</strong></span> <span class='ocrx_word' id='word_1_191' title='bbox 2698 3585 3297 3667; x_wconf 87' lang='lat' dir='ltr'><strong>commemoratio,</strong></span> <span class='ocrx_word' id='word_1_192' title='bbox 3334 3585 3609 3678; x_wconf 87' lang='lat' dir='ltr'><strong>ignoro.</strong></span> <span class='ocrx_word' id='word_1_193' title='bbox 3670 3586 3795 3658; x_wconf 91' lang='lat' dir='ltr'><strong>Vi-</strong></span> 
     </span>
     <span class='ocr_line' id='line_1_24' title="bbox 1014 3695 3797 3793; baseline 0.001 -24"><span class='ocrx_word' id='word_1_194' title='bbox 1014 3700 1102 3770; x_wconf 85' lang='lat' dir='ltr'><strong>de</strong></span> <span class='ocrx_word' id='word_1_195' title='bbox 1136 3698 1494 3772; x_wconf 87' lang='lat' dir='ltr'><strong>Uvionem</strong></span> <span class='ocrx_word' id='word_1_196' title='bbox 1519 3699 1644 3770; x_wconf 93' lang='lat' dir='ltr'><strong>lib.</strong></span> <span class='ocrx_word' id='word_1_197' title='bbox 1675 3717 1798 3770; x_wconf 92' lang='lat'><strong>111.</strong></span> <span class='ocrx_word' id='word_1_198' title='bbox 1825 3698 2042 3793; x_wconf 84' lang='lat' dir='ltr'><strong>Lign.</strong></span> <span class='ocrx_word' id='word_1_199' title='bbox 2063 3695 2279 3770; x_wconf 85' lang='lat' dir='ltr'><strong>Vitae</strong></span> <span class='ocrx_word' id='word_1_200' title='bbox 2302 3717 2466 3790; x_wconf 82' lang='lat' dir='ltr'><strong>pag.</strong></span> <span class='ocrx_word' id='word_1_201' title='bbox 2496 3713 2825 3768; x_wconf 77' lang='lat' dir='ltr'><strong>Lxxvn.</strong></span> <span class='ocrx_word' id='word_1_202' title='bbox 2910 3696 3269 3770; x_wconf 78' lang='lat' dir='ltr'><strong>Batonius</strong></span> <span class='ocrx_word' id='word_1_203' title='bbox 3304 3697 3668 3772; x_wconf 86' lang='lat' dir='ltr'><strong>illustriss.</strong></span> <span class='ocrx_word' id='word_1_204' title='bbox 3704 3704 3797 3773; x_wconf 87' lang='lat' dir='ltr'><strong>ad</strong></span> 
     </span>
     <span class='ocr_line' id='line_1_25' title="bbox 1015 3813 1738 3910; baseline -0.003 -24"><span class='ocrx_word' id='word_1_205' title='bbox 1015 3814 1490 3910; x_wconf 83' lang='lat' dir='ltr'><strong>Martyrolog.</strong></span> <span class='ocrx_word' id='word_1_206' title='bbox 1529 3813 1738 3886; x_wconf 86' lang='lat' dir='ltr'><strong>Rom.</strong></span> 
     </span>
    </p>
   </div>
   <div class='ocr_carea' id='block_1_6' title="bbox 1835 4041 2955 4118">
    <p class='ocr_par' dir='ltr' id='par_1_7' title="bbox 1835 4041 2955 4118">
     <span class='ocr_line' id='line_1_26' title="bbox 1835 4041 2955 4118; baseline 0.002 -4"><span class='ocrx_word' id='word_1_207' title='bbox 1835 4041 1908 4114; x_wconf 92' lang='lat' dir='ltr'><strong>S.</strong></span> <span class='ocrx_word' id='word_1_208' title='bbox 1959 4041 2609 4116; x_wconf 90' lang='lat' dir='ltr'><strong>COLUMBANU</strong></span> <span class='ocrx_word' id='word_1_209' title='bbox 2610 4043 2683 4114; x_wconf 88' lang='lat' dir='ltr'><strong>S.</strong></span> <span class='ocrx_word' id='word_1_210' title='bbox 2788 4050 2955 4118; x_wconf 72' lang='lat'><strong>245.</strong></span> 
     </span>
    </p>
   </div>
   <div class='ocr_carea' id='block_1_7' title="bbox 1017 4273 3800 4832">
    <p class='ocr_par' dir='ltr' id='par_1_8' title="bbox 1017 4273 3800 4832">
     <span class='ocr_line' id='line_1_27' title="bbox 1017 4273 3796 4364; baseline 0.001 -18"><span class='ocrx_word' id='word_1_211' title='bbox 1017 4277 1090 4346; x_wconf 89' lang='lat' dir='ltr'><strong>S.</strong></span> <span class='ocrx_word' id='word_1_212' title='bbox 1149 4276 1742 4358; x_wconf 73' lang='lat' dir='ltr'><strong>COLUMBANth‚</strong></span> <span class='ocrx_word' id='word_1_213' title='bbox 1803 4275 1954 4346; x_wconf 86' lang='lat' dir='ltr'><strong>sive</strong></span> <span class='ocrx_word' id='word_1_214' title='bbox 2011 4273 2427 4357; x_wconf 88' lang='lat' dir='ltr'><strong>Columbus,</strong></span> <span class='ocrx_word' id='word_1_215' title='bbox 2486 4285 2615 4348; x_wconf 86' lang='lat' dir='ltr'><strong>aut</strong></span> <span class='ocrx_word' id='word_1_216' title='bbox 2682 4275 3052 4364; x_wconf 75' lang='lat' dir='ltr'><strong>Columba,</strong></span> <span class='ocrx_word' id='word_1_217' title='bbox 3110 4301 3195 4350; x_wconf 87' lang='lat' dir='ltr'><strong>ea</strong></span> <span class='ocrx_word' id='word_1_218' title='bbox 3251 4279 3442 4350; x_wconf 89' lang='lat' dir='ltr'><strong>enim</strong></span> <span class='ocrx_word' id='word_1_219' title='bbox 3500 4279 3796 4350; x_wconf 87' lang='lat' dir='ltr'><strong>nomina</strong></span> 
     </span>
     <span class='ocr_line' id='line_1_28' title="bbox 1017 4388 3795 4483; baseline 0.001 -21"><span class='ocrx_word' id='word_1_220' title='bbox 1017 4389 1393 4464; x_wconf 85' lang='lat' dir='ltr'><strong>confundit</strong></span> <span class='ocrx_word' id='word_1_221' title='bbox 1426 4392 1626 4462; x_wconf 88' lang='lat' dir='ltr'><strong>Beda</strong></span> <span class='ocrx_word' id='word_1_222' title='bbox 1673 4390 1798 4465; x_wconf 87' lang='lat' dir='ltr'><strong>lib.</strong></span> <span class='ocrx_word' id='word_1_223' title='bbox 1839 4407 1962 4460; x_wconf 92' lang='lat'><strong>111.</strong></span> <span class='ocrx_word' id='word_1_224' title='bbox 2017 4388 2405 4460; x_wconf 86' lang='lat' dir='ltr'><strong>Historiar.</strong></span> <span class='ocrx_word' id='word_1_225' title='bbox 2462 4413 2615 4483; x_wconf 87' lang='lat' dir='ltr'><strong>cap.</strong></span> <span class='ocrx_word' id='word_1_226' title='bbox 2670 4409 2779 4462; x_wconf 76' lang='lat' dir='ltr'><strong>lv.</strong></span> <span class='ocrx_word' id='word_1_227' title='bbox 2834 4409 3035 4464; x_wconf 77' lang='lat' dir='ltr'><strong>xxv·</strong></span> <span class='ocrx_word' id='word_1_228' title='bbox 3094 4417 3185 4465; x_wconf 87' lang='lat' dir='ltr'><strong>ex</strong></span> <span class='ocrx_word' id='word_1_229' title='bbox 3243 4393 3667 4478; x_wconf 70' lang='lat' dir='ltr'><strong>walafrido,</strong></span> <span class='ocrx_word' id='word_1_230' title='bbox 3722 4407 3795 4466; x_wconf 86' lang='lat' dir='ltr'><strong>et</strong></span> 
     </span>
     <span class='ocr_line' id='line_1_29' title="bbox 1019 4502 3800 4602; baseline 0.001 -26"><span class='ocrx_word' id='word_1_231' title='bbox 1019 4508 1096 4576; x_wconf 91' lang='lat' dir='ltr'><strong>in</strong></span> <span class='ocrx_word' id='word_1_232' title='bbox 1130 4508 1437 4598; x_wconf 87' lang='lat' dir='ltr'><strong>epitome</strong></span> <span class='ocrx_word' id='word_1_233' title='bbox 1469 4529 1658 4577; x_wconf 87' lang='lat' dir='ltr'><strong>anno</strong></span> <span class='ocrx_word' id='word_1_234' title='bbox 1693 4521 1948 4576; x_wconf 77' lang='lat' dir='ltr'><strong>DLXV.</strong></span> <span class='ocrx_word' id='word_1_235' title='bbox 2002 4502 2267 4574; x_wconf 90' lang='lat' dir='ltr'><strong>Baron.</strong></span> <span class='ocrx_word' id='word_1_236' title='bbox 2318 4508 2409 4577; x_wconf 88' lang='lat' dir='ltr'><strong>ad</strong></span> <span class='ocrx_word' id='word_1_237' title='bbox 2452 4507 2641 4579; x_wconf 91' lang='lat' dir='ltr'><strong>diem</strong></span> <span class='ocrx_word' id='word_1_238' title='bbox 2678 4525 2793 4578; x_wconf 81' lang='lat' dir='ltr'><strong>lx.</strong></span> <span class='ocrx_word' id='word_1_239' title='bbox 2827 4506 3033 4578; x_wconf 81' lang='lat' dir='ltr'><strong>Junii</strong></span> <span class='ocrx_word' id='word_1_240' title='bbox 3066 4510 3145 4580; x_wconf 87' lang='lat' dir='ltr'><strong>in</strong></span> <span class='ocrx_word' id='word_1_241' title='bbox 3178 4508 3563 4602; x_wconf 67' lang='lat' dir='ltr'><strong>Mai-tyrol.</strong></span> <span class='ocrx_word' id='word_1_242' title='bbox 3608 4512 3800 4580; x_wconf 89' lang='lat' dir='ltr'><strong>inter</strong></span> 
     </span>
     <span class='ocr_line' id='line_1_30' title="bbox 1019 4621 3792 4720; baseline 0.001 -28"><span class='ocrx_word' id='word_1_243' title='bbox 1019 4623 1502 4694; x_wconf 87' lang='lat' dir='ltr'><strong>sanctissimos</strong></span> <span class='ocrx_word' id='word_1_244' title='bbox 1534 4622 1769 4716; x_wconf 87' lang='lat' dir='ltr'><strong>gentis</strong></span> <span class='ocrx_word' id='word_1_245' title='bbox 1795 4630 2080 4692; x_wconf 87' lang='lat' dir='ltr'><strong>nostrae</strong></span> <span class='ocrx_word' id='word_1_246' title='bbox 2105 4622 2517 4694; x_wconf 85' lang='lat' dir='ltr'><strong>censendus.</strong></span> <span class='ocrx_word' id='word_1_247' title='bbox 2588 4621 2828 4694; x_wconf 84' lang='lat' dir='ltr'><strong>Multa</strong></span> <span class='ocrx_word' id='word_1_248' title='bbox 2856 4621 3219 4718; x_wconf 87' lang='lat' dir='ltr'><strong>[scripsit]</strong></span> <span class='ocrx_word' id='word_1_249' title='bbox 3248 4624 3555 4720; x_wconf 85' lang='lat' dir='ltr'><strong>eleganti</strong></span> <span class='ocrx_word' id='word_1_250' title='bbox 3581 4627 3792 4716; x_wconf 83' lang='lat' dir='ltr'><strong>stylo,</strong></span> 
     </span>
     <span class='ocr_line' id='line_1_31' title="bbox 1021 4735 3791 4832; baseline 0.001 -25"><span class='ocrx_word' id='word_1_251' title='bbox 1021 4740 1124 4808; x_wconf 87' lang='lat' dir='ltr'><strong>ait</strong></span> <span class='ocrx_word' id='word_1_252' title='bbox 1149 4737 1505 4808; x_wconf 87' lang='lat' dir='ltr'><strong>Gesnerus</strong></span> <span class='ocrx_word' id='word_1_253' title='bbox 1539 4746 1894 4810; x_wconf 86' lang='lat' dir='ltr'><strong>correctus</strong></span> <span class='ocrx_word' id='word_1_254' title='bbox 1927 4736 2004 4810; x_wconf 88' lang='lat' dir='ltr'><strong>in</strong></span> <span class='ocrx_word' id='word_1_255' title='bbox 2042 4735 2509 4822; x_wconf 79' lang='lat' dir='ltr'><strong>Bibliotheca,</strong></span> <span class='ocrx_word' id='word_1_256' title='bbox 2544 4739 2987 4812; x_wconf 87' lang='lat' dir='ltr'><strong>nobilissima</strong></span> <span class='ocrx_word' id='word_1_257' title='bbox 3016 4738 3243 4832; x_wconf 84' lang='lat' dir='ltr'><strong>stirpe</strong></span> <span class='ocrx_word' id='word_1_258' title='bbox 3274 4741 3667 4832; x_wconf 78' lang='lat' dir='ltr'><strong>oriundus3</strong></span> <span class='ocrx_word' id='word_1_259' title='bbox 3718 4748 3791 4809; x_wconf 88' lang='lat' dir='ltr'><strong>et</strong></span> 
     </span>
    </p>
   </div>
  </div>
 </body>
</html>
