4384 5817
1330 509 1689 582 GENTIS
1734 511 2296 595 scoTORUM‚
2345 511 2532 580 LIB.
2575 511 2672 579 ΙΙ.
3275 512 3404 581 109

586 725 733 798 gna
762 725 928 776 cum
961 705 1195 800 gloria
1240 701 1573 776 Lutetiae
1616 713 1729 776 est
1769 693 2137 796 professus
2181 702 2408 775 bonas
2451 713 2666 786 artes,
2713 711 2872 776 tum
2923 700 3396 798 Burdegalae,

586 841 672 890 ac
736 820 995 891 deinde
1056 821 1137 898 in
1202 819 1609 903 Lusitania,
1672 820 1803 892 ubi
1864 819 2264 910 periculum
2331 819 2534 903 adiit,
2601 819 2696 890 ad
2763 817 3204 910 quaesitores
3264 820 3400 888 im-

586 935 881 1027 pietatis
930 936 1254 1021 delatus3
1306 934 1473 1006 inde
1522 935 1601 1006 in
1649 933 2020 1031 Angliam,
2068 941 2143 1006 et
2197 932 2540 1006 festinato
2597 955 2816 1006 cursu
2877 934 2957 1014 in
3015 932 3396 1028 Liguriam
3517 993 3522 1005 .

586 1051 977 1133 contendit,
1012 1048 1489 1124 Timoleontis
1522 1049 1813 1122 Cossaei
1844 1050 2196 1144 pueritiae
2227 1049 2583 1132 admotus,
2631 1049 2840 1144 quus
2885 1059 3092 1142 pater
3134 1070 3398 1141 prorex

584 1185 887 1259 magnos
946 1167 1301 1238 exercitus
1364 1185 1452 1236 ea
1508 1166 1589 1236 in
1643 1172 1859 1260 gente
1914 1165 2277 1238 ductabat.
2381 1163 2709 1236 Tandem
2769 1165 2864 1236 ad
2921 1163 3170 1236 Scotos
3227 1187 3394 1237 suos

586 1280 841 1363 redux,
889 1277 1161 1352 Jacobo
1204 1278 1340 1353 v1.
1386 1281 1566 1376 regi,
1608 1280 1737 1372 qui
1782 1299 1977 1352 nunc
2016 1279 2245 1352 totius
2291 1279 2606 1375 Magnae
2647 1278 3074 1352 Britanniae
3117 1293 3397 1373 sceptra

586 1417 777 1468 unus
822 1395 1223 1492 conjunxit,
1268 1397 1661 1468 erudiendo
1704 1396 2179 1488 praepositus,
2229 1407 2516 1488 praeter
2561 1395 2702 1466 viri
2721 1423 2726 1430 ·
2748 1395 2917 1466 boni
2960 1403 3201 1488 partes
3246 1419 3396 1468 om-

588 1512 715 1582 nia
745 1521 1145 1594 exsecutus,
1179 1511 1489 1604 principi
1520 1510 2033 1596 sanctissimae,
2079 1511 2392 1607 reginae
2421 1531 2506 1582 ac
2535 1509 2870 1582 dominae
2901 1531 3094 1595 suae,
3127 1509 3394 1582 famam

588 1627 867 1696 elevare
914 1627 1632 1699 contumeliosissima
1678 1633 1927 1719 satyra
1972 1635 2288 1719 quatuor
2335 1625 2538 1696 libris
2585 1624 2958 1698 Historiae
3003 1646 3176 1697 suae
3226 1627 3395 1698 ulti-

588 1741 727 1812 mis
798 1753 909 1814 est
974 1751 1294 1826 conatus,
1364 1742 1847 1814 mercenarius
1913 1739 2183 1812 scilicet
2237 1738 2492 1814 Jacobi
2547 1739 2780 1823 nothi,
2842 1742 2969 1834 qui
3032 1750 3191 1814 tum
3247 1764 3396 1814 ma-

586 1857 753 1950 gnis
801 1857 1197 1940 conatibus,
1241 1857 1569 1954 protegis
1600 1855 2051 1938 auctoritate,
2095 1858 2190 1928 ad
2222 1856 2710 1949 principatum
2743 1855 3102 1928 tendebat.
3205 1855 3394 1953 EJus

588 1982 805 2047 sunt:

886 2087 1412 2163 Grammaticae
1444 2087 1771 2161 Thomas
1802 2086 2134 2160 Linacris
2166 2109 2260 2158 ex
2290 2085 2604 2182 Anglico
2631 2087 2716 2160 in
2747 2087 3096 2162 Latinum
3127 2087 3384 2162 Versio

996 2204 1419 2300 (Gesnerus)
2681 2203 2808 2276 lib.
2849 2220 2902 2276 1.

889 2321 1285 2392 Axiomata
1322 2317 1691 2416 (Balaeus)
1800 2373 1807 2380 -
2688 2318 2812 2392 lib:
2850 2337 2905 2390 1.

891 2434 1224 2508 Historia
1254 2435 1631 2508 Scotorum
2685 2435 2808 2510 lib.
2847 2452 3028 2506 mx.

890 2551 1003 2623 De
1050 2549 1102 2622 J
1102 2573 1233 2624 ure
1290 2551 1533 2648 Regni
1590 2549 1785 2643 apud
1842 2547 2091 2624 Scotos
2147 2551 2274 2622 lib.
2329 2569 2384 2624 1.
2443 2573 2588 2646 quo
2647 2571 2860 2644 opere
2915 2571 3080 2622 cum
3140 2549 3400 2624 Hotto-

984 2689 1252 2740 manno
1310 2676 1395 2739 et.
1440 2666 1603 2739 aliis
1650 2665 2029 2738 haereticis
2078 2667 2356 2764 regiam
2401 2666 2907 2742 auctoritatem
2955 2665 3218 2739 acriter
3267 2669 3399 2738 im-

981 2792 1281 2878 Pugnat·

894 2896 1165 2971 Psalmi
1196 2897 1505 2970 Davidis
1539 2913 1669 2968 οι..
1704 2917 1925 2969 versu
1956 2897 2509 2993 elegantissimo,
2553 2918 2736 2992 quos
2783 2898 3074 2970 musicis
3117 2898 3397 2994 legibus

988 3013 1553 3086 accommodavit
1617 3011 1669 3081 J
1668 3033 1739 3086 ο.
1806 3009 2226 3098 Servianus,
2314 3021 2386 3086 et
2469 3012 2694 3086 edidit
2777 3011 3126 3110 Lugduni
3209 3035 3398 3087 anno

992 3147 1429 3202 MDLxxIx.

890 3242 1337 3342 Tragoedias
1418 3241 1553 3316 IV.
1640 3263 1949 3338 quarum
2031 3243 2270 3335 prima
2335 3241 2690 3337 Jephthes
2757 3246 3020 3320 ultima
3086 3245 3398 3338 publica-

987 3370 1088 3447 ta,
2682 3360 2807 3432 lib.
2847 3380 2902 3434 1.

892 3475 1135 3550 Silvae
2679 3476 2808 3548 lib.
2845 3494 2902 3548 1.

890 3593 1349 3667 Miscellanea
1872 3615 1883 3626 ·
2687 3591 2812 3664 lib.
2851 3609 2907 3664 1.

897 3707 1497 3804 Hendecasyllabi
2690 3705 2816 3778 lib.
2855 3724 2910 3777 1.

874 3823 1196 3920 -Elegiae
2689 3820 2816 3894 lib.
2855 3841 2909 3894 1.

892 3939 1447 4036 Epigrammata
2683 3936 2810 4010 lib.
2848 3956 2938 4010 11.

892 4055 1066 4127 Alia
1112 4055 1415 4151 indigna
1460 4053 1583 4126 hic
1626 4053 1903 4141 referri,
1956 4056 2150 4150 quod
2201 4055 2294 4128 iis
2353 4064 2428 4127 et
2477 4053 2551 4125 S.
2603 4053 2700 4126 R.
2753 4054 2846 4126 E.
2903 4056 3263 4152 majestas,
3327 4069 3402 4130 et

992 4171 1333 4266 religiosa
1401 4167 1499 4242 D.
1559 4169 1925 4244 Francisci
1986 4171 2285 4254 familia,
2370 4191 2522 4243 non
2603 4171 3006 4268 vulgariter
3085 4173 3400 4246 offenda-

890 4295 1365 4473 Ghffiaeleon
1396 4399 1523 4472 lib.
1562 4417 1616 4470 1.
1676 4421 1823 4492 quo
1870 4419 2085 4494 opere
2116 4399 2620 4474 Lidintonium
2671 4400 3201 4476 mutabiliorem
3233 4404 3402 4478 cha-

986 4517 1381 4608 maeleonte
1430 4525 1813 4608 carpserat.
1916 4513 2085 4588 Gul.
2123 4515 2467 4590 Camden.
2505 4509 2703 4590 Hist.
2749 4514 2948 4614 Aug.
2985 4518 3078 4590 ad
3129 4542 3405 4593 annum

996 4647 1439 4703 minxxln.

888 4745 1217 4820 Detectio
1298 4747 1379 4818 in
1460 4744 1779 4820 Mortem
1860 4743 2151 4818 Darnlii
2236 4745 2564 4846 Reginae
2649 4748 2920 4834 mariti,
3005 4693 3186 4844 opus
3261 4762 3415 4824 tur-
