4384 5817
1310 578 1669 651 senne
1714 571 2276 690 scoToRUM,
2323 576 2506 650 Lm.
2559 571 2714 648 v11.
3270 577 3404 648 sos

596 795 773 850 num
824 774 985 870 ejus
1034 767 1393 857 Historia,
1448 792 1599 848 non
1644 771 2003 846 succurrit
2046 796 2099 846 a
2141 791 2290 866 quo
2335 771 2696 866 pontifice,
2756 793 2890 846 nec
2943 791 3092 866 quo
3141 775 3406 848 seculo.

588 891 779 991 Esus
810 903 1221 1081 esHistoria
1248 1005 1575 1080 Scotiae
2457 1006 2582 1078 lib.
2621 1025 2675 1079 1.
2748 1005 3142 1104 catalogus
3161 1005 3402 1080 Maiae

984 1124 1179 1217 apud
1210 1122 1263 1195 J
1262 1145 1367 1196 ac.
1404 1122 1897 1216 Cheynaeum.

884 1239 1171 1313 Foedus
1196 1241 1389 1314 inter
1410 1241 1649 1338 Reges
1674 1239 1957 1314 Scotiae
1980 1249 2053 1312 et
2080 1238 2432 1314 Franciae
2461 1240 2592 1313 lib.
2625 1257 2683 1312 1.
2717 1240 2968 1314 laudat
2999 1237 3194 1314 idem
3219 1165 3399 1314 For-

984 1357 1251 1430 dunas.

882 1473 999 1546 De
1029 1471 1379 1567 Episcopi
1410 1471 1669 1546 Officio
2463 1473 2590 1548 lib.
2627 1492 2682 1548 1.

686 1591 1027 1667 Florebat
1056 1611 1251 1664 anno
1284 1606 1709 1662 Dcccxxx.

1480 1821 1557 1895 S.
1610 1821 2230 1896 GILBERTUS.
2332 1821 2503 1899 562.

480 2127 491 2138 .
586 2059 749 2132 SUB
802 2059 1223 2133 Alexandro
1279 2055 1423 2131 111.
1480 2077 1651 2153 rege
1709 2058 1957 2130 vixere
2000 2059 2167 2143 viri,
2219 2068 2295 2132 et
2344 2060 2540 2132 vitae
2587 2059 2989 2145 sanctitate,
3039 2067 3114 2133 et
3163 2063 3398 2134 erudi·-

592 2179 787 2252 tione
834 2178 1179 2274 insignes,
1230 2177 1337 2248 ait
1369 2174 1466 2245 H.
1500 2174 1764 2248 Boetb.
1801 2174 1925 2246 lib.
1964 2193 2155 2247 xm.
2203 2175 2402 2249 Hist.
2438 2174 2715 2250 Scotor.
2763 2198 2930 2273 pag.
2967 2192 3393 2250 cmxxxv,

584 2305 657 2370 et
688 2296 769 2368 in
800 2295 917 2366 his
954 2303 1001 2336 ‘⁶
1033 2292 1403 2365 Gilbertus
1452 2289 1935 2363 cathanensis
1974 2293 2374 2386 episcopua,
2417 2301 2668 2386 postea
2711 2293 2792 2365 in
2833 2294 3171 2368 divorum
3215 2297 3399 2368 rela-

584 2421 705 2484 tus
770 2409 1223 2484 numerum.”
1340 2405 1450 2478 Et
1505 2406 1748 2503 pergit
1802 2429 2021 2500 porro
2076 2408 2345 2482 ibidem
2403 2410 2589 2483 loci:
2661 2419 2714 2454 “
2771 2409 3113 2484 Tradunt
3169 2412 3396 2505 aliqui

582 2527 1001 2602 Duthacum
1048 2525 1464 2618 episcopum
1513 2523 2050 2596 sanctissimum
2092 2533 2446 2621 regnante
2463 2520 2906 2600 -Alexandro
2955 2525 3061 2599 11.
3106 2527 3396 2610 vixisse,

583 2651 977 2718 asserentes
1010 2663 1177 2714 eum
1209 2639 1387 2714 Divi
1422 2639 1759 2724 Gilberti,
1810 2639 2290 2714 cathanensis
2322 2643 2660 2737 episcopi,
2709 2641 2937 2716 fuisse
2987 2653 3399 2737 praecepto-

582 2779 757 2844 rem,
792 2757 917 2830 sed
949 2759 1131 2831 alii
1108 2779 1349 2852 1psum
1382 2759 1595 2852 longe
1626 2755 1805 2828 haec
1835 2763 2163 2851 tempora
2194 2761 2664 2853 praecessisse
2693 2758 3084 2833 scribunt.”
3158 2755 3398 2856 Scrip-

584 2884 776 2948 serat
808 2871 1185 2948 Gilbertus

875 2987 1445 3063 Exhortationes
1472 2991 1571 3062 ad
1604 2988 2007 3064 Ecclesiam
2038 3013 2248 3066 suam
2579 2995 2706 3066 lib.
2743 3009 2799 3066 1.

875 3106 991 3178 De
1023 3104 1399 3178 Libertate
1432 3105 1715 3179 Scotiae
2579 3109 2708 3182 lib.
2747 3127 2802 3181 1.

679 3224 964 3298 claruit
1022 3244 1215 3294 anno
1274 3239 1689 3296 Mccxmx.
1753 3225 1871 3296 vel
1928 3247 2121 3298 anno
2188 3222 2432 3297 verius
2497 3241 2992 3298 uchxvm.
3053 3225 3396 3320 Polydor.

581 3339 789 3438 Virg.
824 3340 951 3413 lib.
988 3357 1179 3412 xlu.
1218 3338 1417 3412 Hist.
1454 3339 1683 3436 Angl.
1728 3363 1897 3438 pag.
1934 3357 2340 3414 cemus.
2448 3339 2800 3438 Indignor
2849 3345 3126 3414 nullam
3175 3344 3396 3439 hujus
3485 3357 3494 3366 ·

580 3461 658 3532 in
726 3457 1265 3554 martyrologiis
1339 3458 1783 3530 mentionem
1862 3456 2043 3540 fieri,
2126 3479 2296 3529 cum
2367 3465 2614 3530 tamen
2687 3480 2899 3531 nemo
2969 3460 3397 3533 aeternitate

578 3576 887 3673 dignior,
942 3583 1033 3647 ut
1087 3577 1217 3669 qui
1275 3573 1679 3646 libertatem
1738 3573 2071 3646 ecclesiae
2130 3572 2472 3660 Scoticae,
2529 3583 2782 3648 tenera
2835 3576 3072 3648 adbuc
3135 3585 3392 3660 aetate,

580 3701 831 3767 contra
896 3692 1397 3785 impotentiam
1464 3692 1880 3785 praesulum
1944 3691 2358 3788 Anglorum
2427 3693 2714 3788 egregie
2771 3700 3052 3764 tutatus
3110 3701 3222 3764 est
3279 3715 3394 3766 co-

578 3832 736 3882 ram
771 3809 1089 3906 Hugone
1132 3808 1515 3891 cardinale,
1564 3808 1695 3900 qui
1744 3805 2159 3880 Eboracum
2209 3816 2645 3880 conventum
2694 3809 3108 3902 praesulum
3157 3809 3395 3882 indix-

581 3938 737 3999 erat
794 3926 1259 4023 corrigendae
1324 3925 1717 4016 apostolica
1772 3925 2204 3996 auctoritate
2269 3924 2603 3996 ecclesiae
2659 3922 3155 4020 Anglicanae;
3229 3925 3393 3997 finis

578 4065 794 4136 porro
825 4042 1236 4115 certaminis
1266 4039 1435 4124 fuit,
1470 4049 1555 4112 ut
1588 4038 2362 4142 Scoti-archiepiscopis
2391 4041 2546 4113 suis
2571 4041 2970 4113 subessent.
2998 4039 3100 4113 H.
3129 4041 3388 4115 Boeth.

576 4160 702 4232 lib.
732 4177 922 4233 1111.
952 4158 1151 4232 Hist.
1180 4157 1371 4231 Scot.
1402 4179 1570 4254 pag.
1598 4174 2009 4232 chxxnI.
2081 4157 2368 4230 Colitur
2393 4158 2510 4230 die
2538 4176 2592 4231 1.
2621 4155 2924 4251 Aprilis.
3001 4157 3388 4233 Kalendar.

576 4274 845 4348 Adami
882 4275 1122 4372 Regii.

884 4495 898 4510 ·
1476 4507 1554 4580 s,
1605 4491 2242 4581 GERMANUS.
2311 4505 2486 4583 563.

574 4741 649 4815 S.
711 4739 1218 4828 Gnnuarms,
1277 4743 1463 4816 alius
1520 4742 1617 4815 ab
1668 4763 1755 4816 eo
1810 4761 2027 4835 quem
2093 4741 2634 4837 supradiximus
2693 4743 3010 4819 Gibirini
3061 4744 3398 4832 fratrem,

576 4867 649 4932 et
712 4857 843 4931 diu
906 4867 1075 4954 post
1139 4859 1349 4932 illum
1414 4861 1509 4931 ad
1572 4859 2075 4957 evangelicum
2136 4881 2324 4955 opus
2402 4862 2748 4940 accessu:
2829 4863 3066 4936 socius
3135 4871 3211 4934 et
3277 4886 3393 4936 co-

1922 4981 1969 5049 2
2005 4993 2043 5048 8
