4384 5817
1066 547 1199 612 28⁰
1840 545 2312 616 HISTORIA
2355 545 3108 616 ECCLESIASTICA

1078 735 1291 808 Gent.
1326 735 1633 834 Anglor.
1669 761 1825 832 cap.
1864 754 2047 810 xlx.
2097 746 2142 781 “
2177 736 2366 810 Erat
2409 739 2526 812 vir
2561 741 2700 812 iste
2737 741 2830 812 de
2861 739 3308 812 nobilissimo
3341 737 3724 816 Scotorum
3757 767 3874 842 ge-

1076 875 1268 936 nere,
1301 855 1427 924 sed
1460 855 1672 952 longe
1718 855 1960 926 animo
2004 854 2316 927 nobilior
2357 877 2577 949 quam
2620 857 2899 928 carne.”
3001 854 3117 926 De
3163 855 3238 928 S.
3285 855 3628 942 Fursaeo,
3671 862 3874 956 cujus

1078 968 1271 1041 hunc
1320 978 1651 1042 nostrum
1702 970 1927 1042 fuisse
1974 968 2276 1042 fratrem
2317 981 2568 1064 postea
2620 973 2957 1058 ostendit,
3007 971 3134 1044 sed
3177 967 3588 1044 Fundanum
3624 985 3870 1050 vocat:

1077 1094 1122 1127 “
1153 1085 1269 1156 cui
1304 1087 1709 1158 animarum
1748 1109 1993 1159 curam
2028 1094 2103 1157 et
2137 1089 2552 1160 monasterii
2587 1099 2835 1162 sancto
2881 1091 3268 1162 admodum
3314 1091 3476 1161 viro
3519 1093 3870 1186 reliquit‚''

1074 1211 1159 1272 ut
1209 1203 1532 1294 loquitur
1580 1203 1924 1296 anonymi
1976 1204 2290 1274 auctoris
2347 1205 2698 1298 scriptum
2755 1207 3136 1278 recitatum
3193 1229 3240 1278 a
3295 1205 3511 1278 Surio
3577 1217 3754 1280 tom.
3819 1229 3867 1280 1.

1071 1315 1223 1388 Vit.
1280 1316 1408 1388 SS.
1462 1335 1638 1388 XVI.
1690 1319 1742 1389 J
1743 1319 2047 1391 anuarii.
2173 1319 2784 1416 Martyrologium
2841 1321 3254 1394 Romanum
3313 1345 3460 1394 non
3517 1325 3864 1397 meminit.

1068 1431 1374 1528 Scripsit
1407 1456 1579 1506 vero

1361 1549 1721 1646 Regulam
1760 1550 2282 1623 Monachorum
2955 1553 3082 1626 lib.
3121 1573 3174 1625 1.

1160 1664 1373 1738 Vixit
1406 1689 1596 1738 anno
1632 1686 1819 1739 Del..
1854 1678 1941 1739 ut
1975 1669 2270 1761 quidam
2305 1669 2608 1750 volunt3
2645 1669 2770 1738 alii
2803 1669 3118 1762 priorem
3153 1671 3622 1757 contendunt,
3657 1675 3862 1746 collo-

1064 1793 1303 1854 cantes
1336 1805 1503 1855 eum
1536 1785 1613 1856 in
1648 1807 1838 1856 anno
1876 1801 2173 1856 DxcuI.
2210 1793 2296 1856 ut
2329 1783 2766 1880 Sigebertus.

1466 2017 1540 2089 S.
1598 2014 2237 2089 FRIDELINUS
2287 2033 2475 2088 SIVE
2523 2015 3175 2090 WINFREDUS.
3279 2023 3454 2092 515.

949 2223 978 2246 ⁶
1058 2248 1133 2322 S.
1169 2248 1723 2332 memsus,
1760 2248 2258 2341 Sequanorum
2293 2250 2682 2341 apostolus,
2727 2247 3216 2345 wolfgangus
3249 2249 3520 2322 Lazius
3553 2254 3858 2344 praefat.

1056 2367 1143 2436 de
1178 2365 1481 2462 Migrat.
1536 2363 1752 2437 Gent.
1806 2387 1957 2448 seu,
2010 2373 2095 2436 ut
2146 2365 2271 2436 alii
2323 2373 2606 2448 vocant,
2662 2373 2707 2407 “
2741 2363 3182 2448 Fridolinus,
3237 2364 3614 2438 Scotorum
3665 2371 3852 2466 regis

1054 2481 1328 2553 filius:”
1360 2485 1547 2553 male
1581 2481 1859 2554 Anton.
1900 2481 2272 2552 Possevin.
2309 2489 2484 2553 tom.
2516 2498 2570 2552 I.
2599 2479 2875 2572 Appar.
2913 2481 3107 2552 Sacr.
3143 2503 3310 2578 pag.
3349 2499 3582 2554 vaI.
3621 2494 3664 2526 ‘⁶
3689 2483 3854 2558 Sco-

1052 2610 1293 2668 torum
1352 2599 1545 2694 regis
1602 2597 1873 2670 filium”
1928 2599 2287 2689 appellat:
2349 2598 2442 2669 ob
2493 2597 2914 2692 religiosum
2963 2599 3470 2694 peregrinandi
3531 2601 3850 2674 studium

1050 2735 1445 2809 cognomen
1479 2715 1547 2786 ei
1580 2713 1903 2786 fecerunt
1947 2709 2247 2795 Viator,-
2295 2713 2436 2785 nisi
2485 2711 2722 2796 fallor,
2773 2711 3155 2808 Dongardi
3201 2729 3410 2787 xLII.
3461 2715 3677 2801 filius,
3737 2718 3852 2788 vel

1052 2829 1370 2902 Conrani
1424 2848 1620 2902 xLV.
1680 2829 1897 2924 regis.
1981 2829 2031 2900 J
2033 2852 2196 2901 oan.
2249 2827 2590 2902 Leslaeus
2639 2829 2764 2900 lib.
2819 2847 2931 2901 Iv.
2983 2852 3150 2926 pag.
3203 2848 3500 2902 CXLIII.
3587 2831 3848 2904 Petrus

1050 2945 1503 3040 Cratepolius
1560 2949 1639 3018 in
1707 2944 1953 3039 Episc.
2016 2945 2444 3018 Germaniae
2501 2968 2668 3042 pag.
2732 2963 2906 3016 LXI.
2967 2947 3072 3018 ait
3129 2945 3336 3017 illum
3393 2947 3846 3044 Augustanis

1049 3066 1505 3159 evangelium
1585 3063 2052 3156 praedicasse,
2137 3085 2221 3134 ac
2303 3063 2560 3134 deinde
2645 3061 3160 3134 Glaronensem
3246 3065 3596 3154 populum
3685 3065 3846 3136 reli-

1046 3182 1261 3274 gione
1328 3177 1745 3250 Christiana
1820 3178 2165 3250 instituit.
2303 3177 2668 3264 Mortuus,
2749 3179 2968 3250 etiam
3035 3177 3548 3250 miraculorum
3613 3182 3843 3276 gloria

1046 3296 1403 3380 illustris;
1457 3297 1671 3366 vivus
1705 3303 1950 3365 autem
1993 3293 2219 3366 bonas
2265 3303 2456 3367 artes
2500 3295 2630 3366 diu
2677 3295 2758 3366 in
2807 3291 3064 3366 Galliis
3113 3295 3380 3378 docuit,
3429 3303 3518 3368 ut
3567 3295 3846 3390 Gaspar

1048 3409 1449 3483 Bruschius
1508 3421 1783 3482 centur.
1848 3429 1899 3482 1.
1964 3409 2559 3482 Germanicorum
2625 3411 3286 3498 Monasteriorum3
3342 3436 3387 3483 a
3439 3411 3844 3486 clodovaeo

1042 3551 1211 3624 rege
1278 3527 1655 3624 magnifice
1722 3527 2017 3621 adjutus
2083 3528 2506 3599 coenobium
2569 3549 2798 3600 unum
2883 3529 3122 3600 erexit·
3197 3527 3591 3613 Pictaviae,
3677 3530 3842 3602 inde

1044 3647 1235 3718 enim
1292 3669 1337 3716 a
1393 3644 1487 3716 D.
1552 3641 1839 3715 Hilario
1898 3645 2267 3736 apostolus
2318 3643 2744 3727 destinatus,
2795 3655 2882 3716 ut
2940 3647 3094 3715 loco
3155 3645 3450 3716 laudato
3508 3667 3676 3740 pag.
3735 3662 3840 3716 vI.

1042 3763 1248 3834 testis
1302 3772 1413 3834 est
1470 3761 1763 3843 Lazius,
1827 3778 1915 3832 II.
1976 3761 2053 3830 in
2100 3759 2358 3854 Belgio
2417 3760 2508 3830 ad
2561 3761 2964 3845 Mosellam,
3021 3778 3146 3831 111.
3209 3761 3288 3831 in
3341 3761 3508 3832 altis
3561 3759 3836 3858 Vosagi

1042 3879 1555 3961 cacuminibuS,
1635 3896 1745 3948 IV.
1824 3876 2299 3972 Argentinae,
2379 3878 2574 3969 quod
2653 3879 2864 3972 longe
2941 3876 3584 3948 celebratissimum
3651 3879 3838 3950 inco-

1040 3995 1195 4066 latu
1254 3993 1383 4066 SS.
1442 3993 1839 4090 Argobasti
1894 4001 1967 4063 et
2029 3992 2406 4074 Florentii,
2465 4003 2683 4086 atque
2741 3995 2959 4066 etiam
3024 3991 3402 4064 Scotorum
3459 3994 3839 4065 monacho-

1039 4133 1201 4181 rum
1266 4111 1707 4182 domicilium
1769 4108 1912 4180 fuit
1972 4131 2200 4202 usque
2259 4109 2350 4180 ad
2415 4107 2954 4181 subversionem
3009 4108 3300 4202 pietatis
3359 4133 3406 4180 a
3461 4107 3834 4197 Luther03

1037 4243 1113 4296 v.
1171 4226 1433 4299 Curiae
1492 4225 1989 4311 Rhaetiorum,
2045 4242 2157 4296 vl.
2211 4225 2292 4296 in
2346 4224 2797 4340 Burgundia,
2849 4242 2995 4295 VII.
3043 4225 3136 4296 ad
3189 4223 3532 4296 Rhenum
3579 4249 3625 4296 a
3675 4247 3836 4318 pos-

1036 4343 1213 4414 teris
1267 4337 1535 4438 Augia
1584 4337 1789 4412 dives
1839 4343 2138 4426 dictum,
2188 4358 2373 4412 VIII.
2425 4341 2964 4426 monasterium,
3017 4351 3090 4412 et
3129 4341 3383 4413 urbem
3433 4341 3834 4443 aedificavit

1035 4458 1613 4556 Seckingensem,
1650 4457 1776 4530 ubi
1811 4459 2013 4542 obiit,
2042 4471 2133 4530 et
2175 4459 2488 4555 gloriose
2531 4457 2936 4550 requiescit.
3038 4454 3290 4529 Vitam
3339 4457 3496 4552 ejus
3547 4457 3833 4550 scripsit

1034 4575 1403 4650 Notkerus
1439 4574 1814 4657 Balbulus,
1849 4582 1924 4644 et
1956 4575 2109 4665 ipse
2142 4573 2268 4644 SS.
2304 4596 2605 4644 numero
2654 4574 3032 4665 ascriptus,
3083 4582 3157 4646 et
3191 4572 3584 4644 Baltherus
3619 4569 3832 4644 Seck-

1028 4693 1347 4788 ingensis
1381 4691 1797 4774 monachus,
1832 4690 2324 4782 scriptumque
2355 4711 2568 4761 suum
2605 4687 2936 4761 Notkero
2968 4689 3350 4772 dedicavit,
3397 4701 3486 4761 ut
3527 4689 3832 4760 habetur

1030 4810 1227 4902 apud
1263 4808 1661 4881 Henricum
1696 4806 2071 4879 Canisium
2120 4813 2296 4876 tom.
2336 4822 2411 4876 V.
2463 4804 2856 4900 Antiquar.
2905 4803 3232 4878 Lection.
3283 4827 3452 4902 pag.
3495 4821 3825 4876 Dccxvl.
