4384 5817
960 676 1047 733 se
1109 647 1241 733 his
1301 648 1409 733 de
1468 651 1719 737 rebus
1778 649 2133 737 feliciter
2199 652 2806 765 inchoatorun1,
2867 656 2958 741 in
3021 685 3195 771 quo
3259 658 3490 745 nuda
3565 658 3728 747 cla

956 806 1243 861 rorum
1308 781 1743 866 Scotorum
1799 782 2378 893 imprimisque
2443 784 2578 869 SS.
2632 785 2974 871 nomina
3025 788 3484 901 perscripta
3539 818 3734 875 con·

960 907 1493 993 tinebantur=
1552 937 1768 1020 ‚quas
1822 911 2131 1021 primas
2187 913 2461 1025 operis
2515 912 2778 999 lineas
2841 914 3036 999 rudi
3093 915 3514 1029 penicillo,
3583 920 3728 1005 sed

960 1047 1062 1118 ut
1162 1036 1480 1121 artifice
1582 1066 1840 1123 manu
1936 1041 2234 1125 ductas
2325 1042 2596 1142 scireS,
2687 1045 3179 1155 spectandas
3271 1049 3730 1160 proposuit,

964 1191 1161 1247 cum
1234 1177 1334 1249 ut
1411 1167 1851 1251 doctorum
1924 1170 2033 1252 de
2115 1169 2505 1255 universo
2595 1184 2903 1258 conatu
2997 1175 3500 1260 sententiam
3585 1176 3734 1261 eli-

958 1308 1204 1395 ceret,
1292 1308 1481 1381 tum
1559 1309 1659 1381 ut
1730 1296 2063 1381 civium‘
2112 1326 2458 1383 suorum
2534 1300 2622 1384 in
2701 1302 2974 1413 patria
3059 1303 3434 1397 ornanda
3515 1334 3734 1416 sym-

954 1422 1197 1510 bolas·
1262 1438 1825 1536 extorqueret,
1904 1440 1991 1511 et
2068 1428 2448 1513 studium
2525 1430 3036 1517 accenderet.
3177 1432 3414 1517 Ussit
3487 1433 3730 1519 vehe-

954 1565 1308 1654 menter,
1360 1567 1449 1639 et
1496 1554 1715 1639 male
1762 1556 2066 1641 habuit
2114 1557 2276 1641 ista
2330 1556 3065 1645 lucubratiuncula
3115 1560 3474 1646 vicinam
3530 1592 3732 1675 gen-

950 1694 1155 1783 tem,
1194 1709 1411 1793 quae
1450 1684 2011 1769 inverecunde
2062 1688 2350 1769 orbem
2401 1686 2697 1773 alienis
2743 1686 3060 1801 plumis
3103 1702 3399 1775 ornata
3453 1692 3732 1775 obam-

957 1810 1271 1911 bulare,
1310 1824 1397 1897 et
1434 1814 1911 1925 principum
1950 1813 2582 1902 benevolentiae
2632 1844 2728 1901 ac
2784 1814 3270 1903 liberalitati
3309 1821 3728 1933 obrepere,

962 1940 1331 2027 Scoticae
1386 1942 1884 2027 eruditionis
1942 1955 2031 2028 et
2082 1944 2552 2029 sanctitatis
2607 1944 2888 2047 titulo,
2940 1975 3114 2031 non
3167 1950 3724 2034 erubescebat.

960 2070 1193 2157 Hinc
1228 2073 1683 2183 derepente
1719 2073 2115 2157 detonuit
2150 2074 2244 2158 in
2283 2074 2764 2185 Dempsteri
2793 2088 3049 2188 caput
3075 2076 3496 2161 horrenda
3521 2090 3732 2163 tem-

954 2212 1251 2312 pesta&
1308 2202 1767 2313 scriptique
1814 2202 2278 2287 inhumano
2335 2215 2424 2288 et
2479 2201 2968 2289 inclementi
3025 2202 3268 2316 style,
3325 2225 3728 2319 tanquam

958 2334 1045 2415 in
1088 2329 1589 2442 plagiarium
1622 2343 1773 2415 aut
1811 2328 2067 2416 alieni
2096 2331 2346 2415 fundi
2373 2330 3086 2445 depopulatorem,
3114 2334 3410 2419 famosi
3441 2332 3729 2435 libelli,

958 2457 1295 2545 insulsis
1353 2460 1443 2543 in
1502 2486 1791 2543 omnes
1846 2461 2131 2545 Scotos
2186 2460 2510 2570 probris
2561 2460 2816 2573 pleni.
2927 2462 3093 2547 Sed
3147 2462 3496 2575 impune
3553 2492 3726 2549 non

961 2586 1165 2671 tulit
1230 2588 1541 2673 rustica
1606 2616 1905 2671 manus
1970 2588 2498 2673 temerariam
2562 2592 3264 2702 provocationem,
3327 2621 3498 2678 non
3560 2592 3724 2677 levi

953 2718 1293 2803 brachio
1338 2746 1389 2801 a
1432 2718 1936 2830 Dempstero
1986 2720 2406 2831 castigata,
2457 2730 2547 2803 et
2595 2720 3164 2805 eruditissimo
3219 2732 3312 2805 et
3359 2722 3725 2806 mordaci

958 2860 1192 2933 aceto
1230 2848 1645 2960 perfricta.
1760 2848 2227 2959 Utriusque
2276 2846 2564 2948 libelli,
2615 2876 2810 2933 cum
2861 2848 3490 2961 Dempsteriani
3547 2862 3732 2935 tum

958 2977 1319 3063 Hiberni
1381 2976 1977 3077 conviciatoris,
2040 2978 2146 3061 ab
2215 2975 2796 3061 illustrissimis
2851 2978 3002 3089 qui
3059 3006 3374 3063 sacram
3433 2979 3730 3063 indicis

954 3105 1363 3193 librorum
1431 3108 2161 3218 congregationem
2233 3106 2778 3191 moderantur
2837 3105 3400 3192 cardinalibus
3465 3110 3726 3192 vetita

956 3236 1229 3334 lecti0,
1266 3236 1677 3347 imperato
1714 3236 1805 3321 in
1834 3248 2258 3348 posterum
2292 3236 2807 3321 conviciandi
2837 3236 3222 3322 termino.
3319 3234 3516 3319 Non
3547 3238 3730 3321 des-

958 3366 1323 3451 titerunt
1398 3378 1683 3451 tamen
1757 3363 2067 3450 aemuli
2140 3365 2378 3449 novis
2452 3375 2542 3448 et
2614 3364 3018 3450 fictilibus
3103 3364 3728 3477 scriptiunculis

956 3495 1553 3606 Dempsterum
1610 3492 1992 3594 lacerare,
2048 3494 2368 3577 arcanis
2423 3494 3086 3579 accusationibus
3135 3520 3456 3593 vexare,
3509 3522 3728 3579 nun-

956 3650 1209 3735 quam
1270 3624 1450 3707 ausi
1520 3621 1801 3735 palam
1860 3621 2276 3735 congredi,
2342 3620 2938 3707 imbecillitatis
2997 3650 3196 3708 suae
3251 3622 3583 3723 conscii,
3641 3636 3728 3707 et

958 3768 1295 3839 caussae
1350 3752 1621 3837 diffisi.
1736 3751 2308 3863 Dempsterua
2346 3762 2450 3834 ut
2497 3778 2946 3862 generosus
2995 3749 3152 3852 leo,
3201 3751 3724 3835 minutorum

956 3884 1309 3965 istorum
1347 3880 1817 3966 catulorum
1857 3879 2362 3992 contemptis
2415 3877 2878 3979 latratibus,
2929 3877 3175 3965 silere
3225 3880 3476 3963 etiam
3529 3907 3723 3965 cum

956 4009 1243 4121 aliqua
1278 4010 1641 4093 nominis
1669 4013 2001 4123 jactura
2034 4005 2364 4109 maluit,
2401 4037 2658 4120 quam
2707 4007 3098 4095 ecclesiae
3147 4008 3440 4093 matris
3495 4036 3726 4095 sanc-

956 4140 1327 4224 tionibus
1402 4138 1666 4223 videri
1742 4166 1917 4223 non
1990 4134 2508 4236 auscultare3
2595 4150 2851 4249 atque
2925 4138 3136 4223 adeo
3211 4165 3558 4250 pergere
3635 4141 3726 4222 in

951 4268 1485 4381 pertexenda,
1564 4295 1819 4379 quam
1892 4270 2067 4379 jam
2146 4294 2414 4378 paene
2478 4266 2967 4368 confecerat,
3043 4266 3177 4350 De
3251 4268 3572 4364 Sanctis
3637 4282 3728 4351 et
3883 4376 3898 4385 ·

952 4398 1509 4511 Scriptoribus
1572 4397 1837 4483 Scotis
1904 4395 2308 4495 Historia,
2366 4394 2678 4479 vocatis
2737 4396 2848 4478 ad
2905 4394 3366 4479 testimonii
3433 4394 3730 4479 dictio-

954 4554 1149 4611 nem
1216 4528 1323 4610 ab
1388 4526 1619 4613 omni
1682 4523 2213 4636 antiquitate,
2279 4524 2384 4607 ab
2441 4524 2672 4609 omni
2733 4524 3101 4625 natione,
3162 4550 3380 4635 quae
3445 4522 3724 4608 litera-

952 4684 1143 4741 rum
1218 4656 1726 4768 professione
1800 4664 2300 4752 censeretur,
2387 4652 2616 4737 omni
2697 4654 3190 4769 exceptione
3271 4636 3724 4767 majoribus

951 4786 1451 4883 auctoribus
1500 4782 1769 4870 doctis
1834 4782 2103 4881 dictis,
2160 4807 2334 4865 non
2381 4780 2870 4883 maledictis
2928 4781 3480 4894 pugnandum
3545 4808 3724 4865 esse

950 4916 1423 5001 arbitratus.
1556 4914 1643 4998 Si
1710 4911 1923 5023 quid
1988 4923 2274 4999 tamen
2333 4910 2558 4997 inter
2627 4910 3160 4995 scribendum
3225 4906 3718 4995 incalescen-

953 5045 1020 5128 ti
1096 5045 1539 5130 excidisset
1628 5041 2003 5129 acerbius
2096 5054 2248 5125 aut
2339 5038 2858 5141 inurbanius,
2946 5038 3040 5123 id
3121 5040 3360 5151 justo
3451 5035 3720 5151 dolori
