4384 5817
18 3877 63 4622 'ffiss-.}³·*3'=-==···

18 4687 67 4741 ’ἑ

18 4811 53 4863 ⁹15.

1314 557 1673 628 GENTIS
1716 556 2282 640 SCOTORUM,
2329 557 2514 628 LIB.
2558 556 2720 626 VII.-
3291 557 3454 628 319:

916 747 1289 844 Epistulas
1322 751 1417 822 ad
1448 749 1627 822 alios
1662 749 2055 822 Britannos
2605 748 2730 821 lib.
2767 765 2821 820 1.

721 864 1004 938 Claruit
1022 865 1141 936 hic
1164 887 1295 936 rex
1314 885 1505 938 anno
1531 882 1822 937 XXCIV.
1884 863 2123 947 Quam
2149 887 2372 938 verax
2396 867 2494 938 sit
2524 865 2880 952 Pitsaeus‚
2906 867 3052 938 Dio
3076 865 3423 960 loquitur,

620 993 692 1054 et
726 1003 815 1052 ex
848 1002 933 1052 eo
965 979 1393 1074 Xiphilinus
1436 1003 1603 1077 pag.
1640 998 1969 1053 cnxxn.
2024 989 2069 1023 “
2104 979 2353 1078 Hujus
2401 982 2680 1055 insulae
2732 983 3157 1056 Britanniae
3207 984 3426 1075 paulo

618 1099 859 1170 minus
882 1118 1105 1189 quam
1128 1096 1430 1169 dimidia
1462 1107 1711 1170 nostra
1742 1105 1875 1179 est,
1908 1117 2127 1188 quam
2162 1096 2470 1169 Severus
2505 1121 2669 1170 cum
2702 1101 2921 1172 vellet
2946 1100 3026 1171 in
3058 1121 3264 1170 suam
3299 1119 3427 1190 po-

617 1221 952 1286 testatem
986 1212 1333 1308 redigere,
1365 1213 1733 1308 ingressus
1758 1222 1871 1284 est
1894 1213 1975 1284 in
2000 1211 2214 1284 Caled
2223 1215 2530 1285 oniam.''
2600 1212 2746 1298 En,
2774 1213 3081 1299 Pitsaee,
3108 1214 3238 1284 diu
3260 1223 3426 1305 post

614 1328 1116 1402 Domitianum
1148 1329 1261 1400 tui
1294 1328 1635 1401 Britanni
1669 1327 2019 1402 Romanis
2053 1328 2423 1421 parebant,
2460 1329 2697 1423 major
2726 1331 3004 1402 insulae
3027 1352 3196 1422 pars
3223 1328 3428 1401 Cale-

616 1445 851 1516 doniis
882 1443 1198 1537 patebat,
1232 1453 1307 1516 et
1352 1465 1473 1516 eos
1514 1444 2076 1536 aspernabatur:
2125 1445 2275 1515 imo
2325 1444 2419 1516 ad
2467 1444 2599 1516 hos
2651 1446 2854 1517 missi
2906 1444 3301 1517 Bassianus
3351 1456 3426 1517 et

619 1559 803 1633 Geta
833 1559 1119 1644 fratres,
1144 1545 1481 1631 'Caesaris
1513 1557 1667 1642 filii,
1700 1568 1787 1630 ut
1817 1581 1985 1631 cum
2017 1559 2288 1632 nostris
2319 1560 2572 1634 foedus
2606 1555 2930 1634 ferirent.
3019 1560 3322 1648 Ibidem,
3353 1571 3426 1634 et

621 1676 1079 1748 Herodianus
1108 1675 1236 1748 lib.
1273 1691 1397 1746 111.
1431 1676 1511 1747 in
1543 1674 1707 1750 fine.
1805 1674 2008 1748 Haec
2038 1675 2366 1763 refellite,
2399 1678 2460 1750 si
2496 1679 2822 1770 potestis,
2860 1676 3112 1774 Angli.

1304 1906 1381 1978 N
1382 1905 1822 1980 ICOLAUS
1870 1905 2376 1980 GORDONU
2376 1907 2450 1980 S.
2553 1914 2725 1990 593.

619 2140 693 2211 N
698 2156 1049 2213 ICOLAUs
1084 2137 1491 2223 Gordonus,
1526 2140 1643 2210 vir
1674 2139 2135 2226 clarissimus,
2187 2149 2424 2214 aetate
2475 2141 2724 2215 adulta
2765 2142 3428 2216 Praemonstraten-

620 2279 766 2328 sem
800 2256 1132 2328 habitum
1168 2256 1476 2348 sumpsit
1510 2257 1591 2327 in
1614 2257 2052 2330 monasterio
2076 2253 2398 2343 Sauket,
2431 2281 2562 2332 seu
2595 2257 2778 2331 Sede
2808 2258 3248 2332 Animarum
3277 2283 3300 2346 ;
3355 2270 3440 2333 et·

619 2395 782 2444 cum
836 2375 915 2444 in
972 2373 1368 2445 monastica
1419 2373 1693 2444 virtute
1752 2373 2067 2445 multum
2132 2375 2574 2468 profecisset,
2645 2376 2864 2448 abbas
2923 2375 3430 2471 Tunglandiae

622 2500 925 2574 creatus,
958 2497 1202 2560 sancte
1236 2496 1309 2560 et
1340 2487 1459 2581 pie
1491 2487 1851 2580 praefuit;
1899 2489 2026 2560 sed
2059 2488 2420 2562 Gulielmo
2452 2489 2617 2562 Bell
2651 2492 2745 2563 ad
2777 2491 3142 2564 ecclesiam
3169 2491 3243 2564 S.
3274 2492 3430 2564 An-

622 2607 829 2678 dreae
862 2615 1257 2699 assumpto,
1290 2605 1419 2698 qui
1453 2606 1763 2676 decanus
1805 2604 2340 2678 Dunkeldensis
2382 2605 2647 2693 fuerat,
2697 2607 2818 2679 hic
2858 2615 3103 2679 noster
3146 2629 3432 2680 monas-

620 2724 801 2794 terio
834 2744 969 2794 suo
1001 2731 1388 2805 extraema,
1422 2721 1735 2792 vicarius
1769 2722 2083 2815 episcopi
2116 2721 2652 2795 Dunkeldensis
2699 2722 2958 2808 factus,
3003 2723 3213 2794 inea
3259 2747 3432 2796 cura

621 2839 821 2912 obiit.
924 2837 1295 2910 Maximus
1328 2859 1501 2909 vero
1547 2839 1873 2910 omnium
1922 2861 2148 2932 paene
2197 2840 2614 2932 praesulum
2662 2848 3059 2912 conventus
3108 2836 3434 2912 Dunkel-

540 3029 545 3034 ,
618 2955 757 3026 den
792 2953 1107 3037 habitus,
1140 2961 1437 3046 totoque
1468 2976 1693 3050 regno
1726 2956 1957 3026 clerus
1993 2954 2284 3028 ascitus.
2390 2953 2538 3026 Hic
2573 2956 2864 3049 scripsit

918 3069 1309 3162 Synodalia
1341 3071 1627 3142 decreta
2409 3069 2537 3142 lib.
2576 3089 2631 3143 1.

918 3184 1430 3259 collectionem
1464 3185 2088 3258 constitutionum
2419 3185 2548 3256 lib.
2584 3204 2639 3257 1.

722 3302 1058 3376 Vicarius
1091 3310 1248 3375 erat
1280 3324 1476 3373 anno
1512 3318 2039 3374 Mcccxxxw.
2076 3301 2165 3374 de
2199 3301 2403 3374 obitu
2436 3301 2794 3397 ignotum.

1359 3530 1855 3606 DONATUS
1904 3529 2414 3607 GRANTUS.
2519 3537 2689 3613 594.

626 3779 670 3812 “
720 3769 1127 3840 DONATUS
1184 3765 1511 3838 Grantus
1562 3765 2105 3850 Bethleemita,”
2162 3767 2404 3859 inquit
2451 3737 2695 3838 Adam
2749 3765 3190 3840 VVodesham
3240 3771 3434 3861 apud

622 3885 981 3968 Brunum‚
1016 3893 1063 3925 “
1096 3885 1175 3954 in
1210 3881 1452 3954 Scotia
1482 3891 1675 3954 recte
1706 3881 1955 3966 sensit,
1993 3882 2109 3952 vir
2142 3881 2321 3954 bene
2354 3895 2683 3955 sensatus
2729 3883 2811 3955 in
2857 3906 2936 3955 re
2986 3885 3432 3957 doctrinali.''

610 3991 800 4073 ”F'uit
857 4000 976 4071 hic
1033 3999 1335 4072 eremita
1390 3998 1665 4070 ordinis
1724 3997 1798 4071 S.
1864 3995 2300 4092 Hieronymi
2355 3998 2449 4070 ad
2505 3997 2758 4071 fanum
2818 4001 2893 4071 S.
2951 3999 3296 4072 Germani
3353 4005 3434 4076 in

623 4115 865 4188 Scotia
895 4114 1309 4209 professus3
1358 4124 1432 4186 et
1468 4115 1581 4186 illi
1618 4123 1863 4206 patres
1910 4115 2103 4207 apud
2150 4124 2508 4188 nostrates
2557 4115 3079 4188 Bethleemitae
3129 4118 3438 4193 audiunt

620 4233 713 4306 ab
747 4256 832 4305 ea
862 4233 1063 4317 urbe,
1101 4253 1323 4325 quam
1354 4230 1657 4303 humani
1689 4231 1973 4326 generis
2006 4237 2322 4303 assertor
2353 4239 2520 4302 ortu
2560 4253 2695 4303 suo
2745 4234 3123 4323 temporali
3175 4238 3441 4308 sancti-

622 4347 887 4430 ficavit,
936 4357 1013 4420 et
1056 4357 1311 4440 postea
1344 4346 1420 4419 S.
1460 4345 1975 4439 Hieronymus,
2010 4347 2344 4418 ecclesiae
2376 4347 2647 4432 doctor,
2680 4347 3005 4421 incoluit.
3115 4348 3240 4421 Ad
3273 4375 3440 4424 eum

622 4465 771 4535 illic
827 4464 1278 4536 sanctissime
1338 4472 1671 4559 agentem
1728 4462 2091 4534 maximus
2150 4471 2306 4535 toto
2376 4463 2547 4536 orbe
2606 4486 2992 4537 concursus
3059 4468 3441 4542 monacho·

622 4603 809 4665 rum,
857 4589 945 4652 ut
988 4581 1144 4672 ipse
1185 4582 1550 4672 prooemio
1603 4579 1694 4651 ad
1739 4578 1868 4652 lib.
1921 4595 2069 4651 vn.
2121 4578 2202 4649 in
2252 4576 2730 4667 Ezechielem,
2784 4589 2860 4653 et
2907 4580 2998 4652 ad
3050 4580 3441 4655 Paulinum

622 4696 834 4790 epist.
878 4713 1071 4768 x111.
1121 4695 1387 4769 diserte
1436 4695 1731 4780 scribit3
1784 4703 1859 4767 et
1906 4695 1997 4766 de
2046 4693 2280 4770 Scotis
2328 4697 2595 4770 nostris
2644 4697 2838 4768 idem
2898 4697 3105 4791 epist.
3160 4714 3298 4770 xv,
3350 4700 3441 4771 ad

1956 4816 2003 4882 2
2037 4826 2094 4881 U
