4384 5817
1089 563 1217 628 122
1855 560 2325 632 HISTORIA
2368 561 3117 635 ECCLESIASTICA

1089 774 1227 824 nor
1257 751 1390 824 tibi
1440 752 1896 845 potissimum
1937 775 1983 824 a
2025 751 2182 826 Deo
2232 753 2651 840 destinetur,
2704 778 2835 828 nos
2874 776 3025 828 non
3069 755 3441 848 potuimus
3479 779 3626 834 non
3670 763 3871 856 sequi

1085 891 1256 940 eum
1290 871 1368 940 in
1400 890 1478 940 re
1511 869 1696 940 tanti
1729 869 2075 941 momenti
2108 881 2505 954 vocantem,
2530 880 2605 944 et
2628 871 2759 942 tibi
2784 871 3185 966 significare
3218 882 3306 944 ut
3338 875 3871 966 expeditissima

1091 985 1465 1080 diligentia
1497 983 1638 1056 huc
1669 983 1986 1068 festines,
2019 995 2106 1057 ut
2137 1007 2447 1078 pronum
2490 1009 2665 1082 erga
2706 995 2859 1058 tam
2898 985 3159 1058 bonam
3204 1009 3495 1062 causam
3538 989 3871 1062 affectum
3954 987 3965 994 ’

1089 1103 1322 1192 palam
1356 1100 1600 1172 facias.
1677 1100 1842 1196 Age
1873 1122 2046 1196 ergo
2079 1101 2409 1186 viriliter,
2442 1103 2941 1175 auctoritatem
2978 1113 3177 1175 tuam
3210 1105 3619 1196 impavidus
3654 1107 3869 1178 inter-

1087 1239 1294 1309 pone,
1329 1239 1458 1288 nec
1491 1217 1836 1289 honorem
1867 1215 2004 1288 tibi
2037 1216 2359 1289 debitum
2392 1216 2549 1288 Deo
2581 1217 2921 1290 offerente
2954 1239 3201 1290 recusa
3230 1241 3252 1304 3
3304 1220 3497 1312 quod
3546 1243 3679 1292 nos
3726 1224 3869 1294 ala·

1087 1335 1304 1404 criter
1335 1342 1408 1404 te
1440 1331 1802 1404 facturum
1833 1331 2277 1414 confidimus,
2310 1343 2385 1405 et
2416 1342 2707 1426 sperant
2740 1333 2975 1416 multi,
3011 1343 3265 1426 optant
3310 1357 3578 1408 omnes.
3688 1335 3869 1409 Vale

965 1449 980 1468 ‘
1085 1447 1542 1544 Edimburgo
1573 1448 1690 1518 die
1723 1465 1932 1518 xvn.
1967 1446 2327 1541 Septemb.
2366 1449 2963 1520 Mnnxxxxw?
3064 1449 3181 1522 Ita
3212 1451 3353 1520 ille.

1187 1564 1348 1636 Hae
1380 1575 1552 1636 sunt
1585 1575 1734 1636 tam
1766 1565 1928 1656 piae
1959 1564 2241 1635 scholae
2274 1563 2739 1635 Calvinianae
2772 1566 3244 1648 velitationes,
3290 1565 3467 1638 haec
3505 1569 3867 1659 praeclara

1083 1690 1392 1754 novatae
1439 1681 1804 1775 religionis
1853 1681 2044 1751 inter
2091 1677 2541 1752 Christianos
2582 1679 2945 1774 dogmata,
2998 1680 3289 1776 regibus
3332 1703 3409 1753 se
3458 1685 3697 1774 palam
3742 1703 3866 1776 op-

1081 1819 1368 1889 ponere,
1435 1795 1976 1868 multitudinem
2041 1795 2134 1867 ad
2200 1816 2401 1866 arma
2468 1817 2745 1880 vocare,
2802 1796 3161 1889 principes
3220 1817 3521 1870 coronae
3578 1799 3865 1890 propin·

1081 1914 1368 2005 quiores
1434 1935 1560 2005 spe
1625 1911 2088 1983 successionis
2152 1913 2232 1982 in
2298 1933 2549 2006 regum
2618 1922 2835 2005 caput
2892 1933 3195 1996 armare,
3254 1913 3721 1986 conciliabula
3782 1916 3865 1988 il·

1081 2029 1280 2101 licita
1329 2031 1408 2100 in
1457 2027 1862 2121 principum
1914 2027 2327 2119 perniciem,
2376 2029 2761 2122 legumque
2814 2026 3353 2100 subversionem
3406 2029 3653 2102 crebro
3704 2051 3867 2104 con-

1079 2167 1354 2229 vocare,
1411 2144 1916 2240 magistratum
1969 2163 2387 2234 supremum
2444 2152 2520 2214 et
2572 2153 3103 2216 sacrosanctum
3160 2165 3291 2238 per
3346 2146 3499 2218 vim
3568 2167 3865 2240 praepo-

1073 2273 1264 2334 stero
1328 2261 1618 2353 pietatis
1683 2259 1984 2330 obtentu
2051 2259 2128 2330 in
2194 2260 2519 2330 ordinem
2588 2259 2933 2354 redigere,
3000 2261 3279 2332 coelum
3342 2261 3641 2332 miscere
3720 2271 3867 2334 ter-

1077 2401 1222 2461 rae,
1258 2377 1500 2470 potius
1534 2399 1752 2469 quam
1786 2376 2070 2448 libidini
2105 2397 2277 2447 suae
2316 2396 2461 2446 non
2508 2375 2847 2468 ohsequi3
2894 2397 3045 2448 uno
3082 2377 3305 2448 verbo
3347 2377 3603 2462 dicam,
3652 2399 3863 2450 evan·

1076 2495 1345 2588 gelium
1376 2491 1428 2564 J
1427 2515 1556 2566 esu
1601 2489 1878 2562 Christi
1927 2491 2297 2563 seditionis
2346 2491 2673 2584 impurae
2722 2489 3095 2564 buccinam
3128 2481 3389 2576 facere,
3422 2503 3864 2588 unctumque

1075 2633 1122 2681 a
1159 2609 1476 2682 Domino
1515 2607 1788 2681 nefarie
1833 2607 2122 2679 violare.
2224 2605 2481 2680 Comes
2528 2607 3051 2692 Hamiltonius,
3086 2619 3175 2681 ut
3222 2616 3379 2680 erat
3426 2610 3669 2704 sagaci
3712 2611 3865 2681 ani·

1073 2747 1220 2810 mo,
1289 2746 1783 2817 propensoque
1849 2722 1926 2794 in
1993 2745 2236 2818 regem
2302 2722 2666 2814 obsequio,
2742 2721 3113 2817 Majestati
3180 2745 3353 2796 suae
3420 2727 3667 2796 literas
3730 2725 3861 2796 has

1071 2841 1406 2924 ostendit,
1473 2838 1712 2911 verbis
1775 2839 2205 2932 quibusdam
2270 2839 2644 2930 exemptis,
2710 2861 2859 2930 quo
2932 2847 3009 2912 et
3086 2861 3331 2934 regem
3414 2840 3857 2912 imminentis

1073 2957 1370 3049 periculi
1413 2954 2066 3037 commonefaceret,
2115 2977 2247 3026 nec
2296 2965 2539 3026 tamen
2586 2956 2665 3025 in
2714 2955 3087 3026 ministros
3128 2956 3631 3040 exacerbaret3
3682 2977 3859 3050 qua-

1071 3095 1152 3144 re
1203 3073 1514 3144 Brusius
1567 3071 1990 3142 commotior
2041 3070 2389 3142 secundas
2440 3070 2677 3143 denuo
2728 3073 2823 3142 ad
2880 3093 3047 3142 eum
3100 3071 3323 3156 dedit,
3374 3093 3683 3164 quarum
3740 3071 3857 3142 hic

1071 3197 1314 3281 typus.

1173 3311 1218 3344 ‘⁸
1239 3301 1314 3374 N
1315 3325 1408 3375 on
1441 3323 1733 3394 possum
1765 3303 1944 3373 satis
1976 3302 2231 3372 mirari
2264 3323 2381 3372 me
2413 3303 2707 3394 impune
2732 3312 2806 3375 et
2830 3302 3193 3376 immerito
3217 3305 3325 3376 sie
3354 3327 3397 3376 a
3423 3312 3498 3376 te
3532 3301 3857 3388 traduci;

1072 3419 1288 3492 audio
1319 3401 1716 3499 literarum,
1749 3437 1928 3510 quas
1961 3418 2052 3488 ad
2085 3427 2160 3489 te
2191 3417 2379 3501 dedi,
2416 3419 2691 3509 copiam
2726 3427 2801 3490 te
2832 3421 2983 3514 regi
3022 3417 3291 3504 fecisse,
3324 3421 3451 3492 sed
3496 3419 3603 3490 ita
3648 3418 3859 3492 vitia·

1071 3544 1208 3620 tas,
1241 3543 1632 3618 truncatas,
1669 3543 1742 3604 et
1773 3533 2219 3618 immutatas,
2246 3541 2335 3604 ut
2358 3535 2487 3604 vix
2512 3534 2835 3606 umbram
2862 3535 3131 3606 nudam
3156 3535 3525 3628 prototypi
3547 3542 3853 3606 servent.

1070 3651 1392 3724 Sciebam
1427 3660 1500 3723 te
1533 3671 1814 3742 semper
1845 3657 2108 3720 natura
2129 3647 2353 3720 fuisse
2376 3647 2681 3731 facilem,
2706 3673 3079 3742 nunquam
3102 3658 3344 3722 tamen
3368 3661 3581 3723 antea
3603 3648 3857 3741 proba.-

1023 3753 1032 3766 ⁸
1069 3777 1220 3841 tam
1253 3767 1600 3840 habebam
1633 3767 2047 3850 levitatem3
2085 3774 2160 3839 et
2191 3763 2377 3836 mihi
2410 3773 2605 3836 certo
2634 3787 3082 3857 persuasum,
3118 3775 3452 3857 nepotem
3486 3773 3697 3838 tuum
3738 3783 3857 3839 eo-

1065 3885 1318 3957 mitem
1353 3883 1800 3954 Huntlaeum
1845 3903 2217 3973 nunquam
2258 3881 2394 3952 hoc
2436 3880 2513 3952 in
2560 3903 2678 3952 me
2726 3881 3105 3952 admittere
3154 3881 3486 3965 voluisse,
3536 3881 3729 3974 quod
3770 3891 3857 3954 tu

1065 4022 1258 4071 nunc
1290 3998 1546 4072 diceris
1579 3997 2034 4068 commisisse.
2121 3993 2200 4066 Si
2232 3997 2461 4068 literis
2496 3997 2637 4068 illis
2670 4018 2871 4068 error
2902 3997 3179 4069 causari
3215 4005 3471 4087 potest,
3506 3997 3625 4068 hic
3660 3997 3857 4068 solus

1065 4125 1198 4200 est,
1219 4117 1410 4208 quod
1439 4115 1518 4185 in
1543 4115 1654 4186 tui
1685 4112 1978 4185 honoris
2001 4113 2461 4204 praeconium
2492 4113 2886 4203 impensius
2920 4135 3137 4204 quam
3164 4135 3297 4204 par
3318 4124 3476 4185 erat
3500 4113 3853 4184 calamum

1063 4227 1352 4326 aptavi,
1387 4231 1510 4302 sed
1535 4231 1610 4302 id
1637 4229 2037 4312 ambitioni,
2067 4229 2145 4298 in
2175 4247 2397 4321 quam
2422 4227 2809 4319 proclivem
2836 4235 2907 4298 te
2934 4227 3267 4310 sciebam,
3286 4227 3621 4300 concessi.
3688 4227 3851 4299 Rex

1063 4348 1380 4440 inquiete
1413 4345 1926 4432 stomachatur,
1962 4346 2168 4437 quasi
2206 4367 2339 4440 ego
2372 4353 2445 4415 te
2478 4345 2585 4414 illi
2618 4343 3101 4435 opposuerim,
3150 4353 3280 4417 aut
3324 4367 3575 4436 parem
3622 4343 3855 4418 facere

1064 4467 1436 4546 voluerim,
1469 4464 1664 4556 quod
1695 4483 1868 4532 sane
1901 4483 2275 4553 nunquam
2312 4459 2493 4530 mihi
2526 4461 2604 4530 in
2636 4469 2949 4531 mentem
2975 4461 3197 4542 venit,
3220 4469 3436 4552 atque
3461 4460 3534 4529 id
3561 4461 3847 4553 quidem

1061 4581 1196 4650 hac
1228 4581 1504 4652 ratione
1537 4587 1849 4650 tentasse
1873 4576 2349 4648 amentissimi
2384 4585 2457 4647 et
2492 4575 3131 4666 imprudentissimi
3158 4575 3457 4646 fuisset:
3506 4577 3629 4648 sed
3652 4597 3855 4648 mens

1059 4695 1243 4768 mihi
1290 4697 1504 4766 unica
1553 4703 1628 4765 et
1678 4693 2128 4784 propositum
2179 4700 2308 4763 tua
2358 4691 2784 4764 auctoritate
2833 4699 2907 4762 et
2960 4689 3207 4763 favore
3256 4713 3545 4762 causam
3594 4713 3853 4777 meam,

1057 4834 1240 4904 quae
1271 4809 1602 4882 ecclesiae
1633 4807 1772 4879 Dei
1805 4809 2190 4904 conjuncta
2214 4817 2345 4892 est,
2372 4809 2613 4891 tueri:
2660 4815 2877 4898 atque
2908 4807 2973 4878 is
2997 4807 3289 4899 quidem
3316 4807 3729 4879 tremendus
3748 4829 3853 4879 ec·
