4384 5817
1182 538 1185 543 ’
1242 580 1599 651 omns
1644 576 2203 659 sommum,
2253 574 2434 645 un.
2479 572 2565 641 v,
3162 568 3294 639 249

498 776 673 860 rius,
707 785 835 848 aut
870 790 1221 847 nccenx.
1282 771 1567 844 Colitur
1600 788 1815 841 xxn.
1850 768 2192 867 Augusti.

1350 1002 1425 1073 S.
1476 998 2149 1073 ETHELREDA.
2255 995 2422 1070 456.

500 1236 573 1306 S.
612 1234 1151 1307 ETHELREDA
1183 1235 1433 1329 regina
1466 1241 1538 1304 et
1571 1231 1757 1304 vixit
1802 1230 2270 1313 sanctissime,
2321 1239 2395 1302 et
2445 1228 2862 1303 confirmata
2909 1230 3282 1301 miraculo-

500 1373 663 1423 rum
686 1351 916 1445 gloria
934 1350 1257 1433 excessit,
1280 1351 1357 1419 in
1378 1347 1809 1420 monasterio
1828 1345 2310 1440 Coldingham
2333 1346 2413 1417 in
2439 1344 2700 1416 Scotia.
2755 1344 3097 1436 Polydor.
3118 1344 3282 1415 Vir-

496 1467 625 1561 gil.
660 1467 785 1539 lib.
822 1484 931 1537 1v.
966 1488 1131 1561 pag.
1170 1481 1490 1536 Lxxxv.
1593 1462 1797 1533 Obiit
1827 1482 2018 1532 anno
2052 1478 2181 1531 ne.
2285 1460 2568 1533 Colitur
2603 1476 2846 1531 xxlx.
2882 1459 3227 1555 Augusti.

1396 1694 1471 1767 S.
1524 1690 2098 1765 EALREDUS.
2203 1694 2370 1771 457.

498 1928 571 1999 S.
608 1926 731 1999 EA
740 1944 1087 2011 LREDUS,
1122 1928 1277 1999 sive
1309 1924 1766 2008 Ethelredus,
1800 1932 1929 1994 aut
1960 1922 2386 2009 Adelredus,
2435 1935 2523 1997 ut
2571 1924 2790 1996 habet
2840 1923 3062 1997 Laur.
3119 1922 3280 1995 Sur.

498 2054 671 2116 tom.
711 2060 835 2113 111.
872 2043 987 2135 die
1019 2062 1101 2113 x.
1135 2041 1186 2111 J
1190 2043 1367 2127 unii,
1400 2050 1531 2112 aut
1562 2040 1897 2122 All-edus,
1946 2048 2033 2110 ut
2081 2041 2273 2132 apud
2321 2040 2626 2145 Arnold.
2671 2039 3033 2112 Uvionem
3066 2040 3190 2112 lib.
3231 2059 3280 2109 1.

495 2158 662 2253 Lig.
698 2156 913 2229 Vitae
947 2181 1112 2254 pag.
1150 2175 1481 2229 Lxxvn.
1514 2178 1604 2228 ex
1640 2156 1820 2227 Iona
1852 2152 2254 2225 Rievallem
2285 2158 2727 2227 translatus:
2777 2154 2962 2227 falso
3005 2156 3086 2225 in
3131 2155 3286 2226 An-

494 2276 645 2369 glia
679 2272 1205 2345 Rievallensem
1240 2281 1543 2365 ponunt,
1578 2280 1662 2343 ut
1695 2279 1769 2341 et
1797 2268 1848 2338 J
1850 2290 2114 2341 oannes
2148 2270 2490 2343 Molanus
2535 2270 2910 2343 Addition.
2959 2268 3052 2343 ad
3095 2271 3285 2343 Usu-

496 2390 653 2461 ardi
702 2389 1311 2485 Martyrologium
1358 2388 1476 2459 die
1534 2404 1610 2457 V.
1656 2384 1707 2457 J
1708 2382 2011 2457 aunarii.
2113 2382 2344 2457 Errat
2391 2408 2558 2457 cum
2607 2387 2864 2458 iisdem
2911 2386 3285 2459 Conradus

494 2504 1005 2597 Lycosthenes.
1084 2504 1333 2575 Abbas
1368 2502 1847 2575 Rievallensis
1880 2501 1960 2571 in
1992 2499 2254 2584 Scotia,
2289 2500 2562 2573 Davidi
2595 2500 2970 2573 Scotorum
3003 2504 3158 2598 regi
3182 2502 3288 2573 fa-

494 2619 818 2702 miliaris,
852 2626 927 2691 et
956 2642 1223 2716 magna
1258 2619 1452 2709 apud
1487 2640 1653 2689 eum
1686 2618 1779 2689 ob
1811 2617 2003 2689 vitae
2036 2617 2546 2701 innocentiam,
2597 2626 2669 2689 et
2719 2618 3083 2689 doctrinae
3117 2620 3290 2690 cele-

496 2734 857 2819 britatem,
892 2735 1331 2831 dignatione.
1410 2732 1702 2829 Collega
1734 2732 1808 2805 S.
1845 2730 2145 2803 Alwini.
2227 2730 2407 2804 Vita
2439 2734 2618 2827 eJus.
2696 2732 2786 2818 Ii,
2820 2734 3136 2828 inquam,
3172 2735 3288 2805 de-

496 2850 707 2943 cepti,
740 2852 935 2944 quocl
980 2851 1309 2943 putarint
1353 2850 1431 2920 in
1472 2848 1712 2921 Scotia
1758 2870 1906 2919 non
1953 2848 2175 2919 fuisse
2227 2848 2448 2920 etiam
2499 2846 2998 2921 Riedvallense
3046 2873 3292 2922 coeno-

494 2966 721 3049 bium,
754 2986 919 3037 cum
950 2968 1135 3037 illud
1166 2964 1241 3037 S.
1278 2964 1707 3037 Malcolmus
1738 2986 1871 3036 rex
1901 2965 1981 3037 in
2006 2964 2560 3048 Northumbria,
2595 2974 2754 3037 tum
2778 2966 2971 3061 juris
3006 2964 3289 3049 Scotici,

496 3083 985 3167 exstruxerit3
1036 3083 1162 3153 sed
1194 3081 1376 3153 illud
1409 3092 1731 3173 tempore
1762 3081 1953 3177 regis
1986 3078 2388 3152 Alexandri
2419 3080 2514 3153 ab
2544 3078 2810 3177 Anglis
2851 3084 3004 3154 solo
3035 3106 3290 3175 aequae

497 3208 679 3281 tum,
742 3196 1355 3293 Martyrologium
1410 3196 1485 3269 S.
1544 3196 1819 3283 Crucis,
1881 3204 2099 3289 atque
2162 3196 2384 3291 hujus
2449 3197 2739 3289 quidem
2799 3196 2874 3269 S.
2937 3195 3290 3269 Ealredus

499 3310 717 3383 abbas
752 3328 881 3388 111.
912 3313 1249 3399 habitus3
1304 3322 1377 3385 et
1420 3314 1509 3383 de
1553 3310 1964 3407 Anglorum
2008 3313 2434 3404 impotentia
2479 3314 2558 3381 in
2607 3312 2969 3385 abolendis
3013 3312 3291 3386 Scotiae

494 3430 983 3501 monumentis
1015 3431 1195 3502 alias
1227 3429 1669 3502 commodius
1700 3450 1937 3523 agam.
2038 3425 2227 3522 Ejus
2261 3437 2482 3500 sunt:

791 3543 973 3618 Vita
1004 3544 1335 3619 Eduardi
1365 3543 1777 3641 Anglorum
1810 3542 2037 3638 Regis
2443 3544 2571 3617 lib.
2609 3564 2698 3616 11.

796 3658 974 3734 Vita
1006 3660 1311 3735 Davidis
1344 3659 1719 3733 Scotorum
1754 3656 1979 3754 Regis
2446 3661 2570 3732 lib.
2609 3679 2697 3731 11.

790 3774 971 3848 Vita
1002 3777 1078 3848 N
1076 3800 1305 3849 imam
1339 3774 1683 3868 Episcopi
2451 3777 2576 3850 lib.
2615 3796 2666 3849 1.

797 3889 973 3964 Vita
1005 3893 1462 3989 Margaretae
1496 3889 1819 3985 Reginae
1850 3889 2129 3963 Scotiae
2451 3892 2577 3965 lib.
2615 3913 2668 3966 1.
2772 3894 2973 3966 Haec
3017 3903 3125 3966 est
3169 3896 3294 3966 illa

896 4030 1084 4099 quae
1114 4008 1194 4077 in
1226 4013 1639 4079 sanctorum
1670 4005 1898 4079 relata
1942 4030 2330 4079 numerum
2375 4026 2456 4081 X.
2504 4008 2555 4078 J
2557 4010 2712 4081 unii
2761 4012 3042 4083 colitur.
3097 4010 3296 4081 Mar-

892 4124 1107 4216 tyrol.
1145 4122 1455 4195 Roman.
1527 4119 1739 4193 Hect.
1774 4120 2125 4196 Boethius
2158 4124 2283 4197 lib.
2323 4142 2473 4196 x11.
2512 4124 2795 4198 Histor.
2833 4125 3022 4199 Scot.
3059 4136 3132 4199 et
3169 4126 3293 4199 alii

898 4240 1212 4310 annales.

804 4350 1191 4445 Speculum
1224 4351 1620 4424 charitatis
2004 4386 2011 4395 ·
2447 4356 2572 4430 lib.
2611 4374 2700 4427 11.

798 4466 911 4539 Dc
942 4468 1293 4541 Amicitia
1323 4468 1701 4562 Spirituali
2443 4472 2570 4545 lib.
2607 4488 2732 4544 111.

802 4582 913 4655 De
946 4584 1223 4657 Anima
2449 4587 2574 4660 lib.
2614 4606 2669 4660 1.

806 4698 1151 4771 Planctus
1185 4699 1449 4771 Mortis
1483 4698 1785 4773 Davidis
1822 4700 2045 4798 Regis
2449 4703 2576 4775 lib.
2613 4719 2666 4774 1.

798 4813 1087 4913 Sagitta
1113 4812 1164 4885 J
1166 4816 1473 4887 onathae
1630 4908 1640 4917 ,
2449 4819 2574 4891 lib.
2613 4835 2664 4890 1.
