4384 5817
1012 609 1018 616 .
1072 547 1205 614 268
1842 551 2310 623 HISTORIA
2355 553 3102 628 ECCLESIASTICA

1080 740 1469 812 mentatios
1503 742 1727 813 edidit
1762 740 2121 816 Pictoriua
2153 744 2645 843 Villingensis,
2695 749 2822 844 qui
2869 750 3294 843 prodierunt
3341 751 3676 826 Lutetiae
3725 755 3854 826 sub

1082 869 1351 927 annum
1390 873 1765 930 Mnxxxx.
1800 859 1923 930 sed
1958 858 2145 933 falso
2178 859 2469 934 Gallum
2501 861 2696 936 facit.

2032 1091 2447 1166 EVENUS
2495 1094 2636 1168 111.
2739 1102 2906 1177 497.

1082 1317 1427 1392 Eun-ms
1486 1321 1625 1395 ΙΙΙ.
1692 1347 1843 1410 rex,
1906 1323 2130 1398 Ederi
2188 1327 2276 1398 F.
2345 1325 2519 1398 Gilli
2586 1327 2684 1400 N.
2751 1331 3312 1404 decimussextus
3379 1355 3426 1403 a
3489 1335 3846 1405 conditore

1080 1433 1453 1531 Fergusio,
1526 1439 1857 1534 princeps
1914 1440 2189 1514 belluae
2243 1465 2462 1537 quam
2523 1445 2798 1518 homini
2855 1445 3182 1519 similior.
3305 1446 3722 1542 Flagitiosis
3776 1450 3846 1518 in

1078 1552 1424 1624 scelerum
1474 1557 1885 1630 societatem
1932 1561 2171 1651 palam
2221 1560 2486 1644 ascitis,
2531 1562 2622 1632 de
2665 1561 3039 1636 nobilitate
3083 1563 3400 1636 tollenda
3443 1585 3594 1636 non
3639 1566 3848 1634 semel

1077 1669 1467 1763 cogitavit;
1519 1673 1809 1744 tandem
1842 1675 1921 1746 in
1952 1695 2304 1748 carcerem
2335 1676 2720 1772 conjectus,
2771 1700 2816 1749 a
2845 1678 2999 1750 suis
3045 1687 3156 1750 est
3203 1687 3519 1751 necatm.
3619 1677 3850 1770 Scrip-

1079 1783 1177 1852 sit
2223 1811 2236 1820 ·

1372 1901 1607 2000 Leges
1638 1905 2137 1998 spurcissimas
2166 1907 2294 1980 lib.
2331 1925 2384 1980 1.
2419 1929 2726 2001 quarum
2759 1910 2994 2003 capita
3025 1908 3248 1981 haec:

1378 2037 1431 2088 1.
1481 2019 1590 2091 Ut
1620 2029 1733 2094 tot
1762 2043 2025 2094 uxores
2056 2022 2177 2094 vir
2206 2023 2498 2097 duceret
2529 2034 2707 2118 quot
2737 2025 3106 2096 commode
3135 2025 3328 2096 alere
3357 2035 3620 2118 posset.

1374 2149 1463 2205 11.
1516 2135 1623 2210 Ut
1678 2136 1957 2210 nobiles
2022 2137 2428 2212 villicorum
2491 2139 2972 2234 clientumque
3041 2138 3349 2212 filiarum
3413 2141 3848 2237 virginitatis

1468 2252 1829 2343 primitias
1861 2254 2101 2346 prima
2130 2255 2546 2346 nuptiarum
2581 2267 2790 2328 nocte
2821 2255 3238 2328 deliberent.

1074 2362 1271 2444 Quas
1318 2365 1579 2460 impias
1626 2371 1821 2466 leges
1874 2391 2143 2468 magno
2190 2391 2542 2444 consensu
2599 2373 2936 2448 nobilitas
2989 2381 3100 2444 est
3143 2373 3568 2463 amplexata,
3615 2379 3704 2443 ut
3745 2379 3848 2442 est
3975 2401 3980 2406 ·

1074 2479 1469 2554 aulicorum
1500 2484 1873 2582 ingenium
1904 2483 1987 2556 in
2033 2486 2218 2558 vitia
2257 2487 2592 2580 proclive.
2700 2487 2906 2560 Hect.
2945 2487 3298 2560 Boethius
3329 2486 3454 2559 lib.
3493 2505 3616 2558 111.
3655 2485 3844 2558 Hist-

1072 2593 1265 2667 Scot.
1298 2617 1465 2694 pag.
1502 2615 1769 2672 XXXV.
1874 2600 2137 2674 Postea
2188 2611 2432 2674 tamen
2479 2604 2806 2678 nonnihil
2853 2603 3362 2674 moderaminis
3409 2605 3730 2685 allatum,
3779 2611 3848 2674 et

1072 2711 1297 2782 veluti
1348 2715 1613 2786 sensim
1661 2715 1965 2790 foeditas
2013 2718 2320 2790 sublata.
2420 2717 2622 2794 Idem
2671 2720 2794 2792 lib.
2833 2737 2942 2790 w.
2977 2739 3144 2813 pag.
3183 2735 3419 2789 Lvur.
3523 2717 3848 2812 Denique

1072 2837 1221 2897 tam
1279 2829 1800 2905 abominandus
1844 2834 2033 2906 ritus
2080 2835 2372 2926 penitus
2421 2836 2838 2929 antiquatus
2887 2844 2962 2907 et
3009 2834 3398 2930 abrogatus
3447 2855 3494 2904 a
3541 2831 3616 2906 S.
3669 2833 3847 2904 Mal-
3999 2867 4006 2873 ·

1070 2947 1301 3018 colmo
1331 2969 1520 3044 rege,
1554 2961 1819 3046 rogatu
1850 2951 1923 3025 S.
1964 2953 2422 3048 Margaretae
2451 2954 2782 3048 reginae3
2833 2959 2922 3024 ut
2955 2959 3197 3023 tamen
3231 2971 3546 3022 marcam
3569 2949 3842 3046 argenti

1072 3081 1375 3152 sponsus
1426 3065 1517 3136 ad
1564 3068 2049 3142 redimendam
2104 3089 2280 3140 suae
2327 3077 2596 3164 nuptae
2649 3068 3071 3161 pudicitiam
3131 3066 3388 3137 offerre
3442 3073 3842 3146 tenea-etun

1073 3179 1267 3269 quod
1298 3180 1695 3256 etiamnum
1730 3185 1948 3258 hodie
1978 3185 2284 3257 sollicite
2315 3207 2362 3256 a
2389 3185 2804 3278 proceribus
2837 3185 3320 3257 observatum.

1168 3292 1595 3369 Exstinctus
1644 3308 1756 3371 est
1802 3323 1995 3373 anno
2056 3315 2202 3372 vn.
2267 3301 2474 3397 regni
2517 3300 2656 3386 sui,
2719 3321 2912 3372 anno
2961 3320 3132 3372 vero
3181 3307 3350 3370 ante
3395 3297 3840 3370 salutiferum

1073 3417 1357 3499 partum
1396 3427 1536 3485 XV.
1630 3413 1853 3488 Plura
1885 3416 1965 3487 in
1996 3415 2213 3487 rebus
2247 3415 2568 3489 Scoticis.

1583 3643 2185 3719 GULIELMUS
2237 3643 3054 3720 ELPHINSTONUS.
3157 3649 3324 3724 498.

1068 3875 1569 3950 GULIELMUS
1602 3877 2157 3969 Elphinstonus,
2199 3879 2646 3952 nobilissima
2685 3876 2964 3950 familia
3007 3877 3379 3961 oriundus,
3429 3887 3477 3920 ‘⁶
3509 3900 3654 3971 quo
3703 3900 3840 3948 me-

1066 3992 1379 4076 liorem,”
1430 3995 1537 4066 ait
1569 3993 1669 4065 H.
1707 3993 2061 4067 Boethius
2089 3995 2218 4068 lib.
2255 4013 2374 4066 1x.
2429 3993 2710 4067 Hister.
2761 3993 2952 4066 Soot.
3003 4013 3168 4088 pag.
3221 4009 3518 4064 cchV.
3573 4004 3619 4036 ‘⁶
3651 4004 3838 4064 aetas

1066 4118 1314 4178 nostra
1332 4131 1476 4181 non
1500 4110 1708 4181 vidit.
1759 4107 2129 4182 Audacter
2150 4133 2554 4183 asseverare
2573 4109 2864 4191 audeo?
2883 4109 3124 4202 pergit
3141 4107 3406 4178 ibidem
3425 4109 3564 4179 loci
3585 4107 3840 4178 Boeth-

1065 4221 1205 4304 ius,
1240 4230 1286 4263 “
1309 4245 1498 4308 eum,
1523 4234 1596 4297 et
1621 4225 1987 4318 publicum
2020 4235 2095 4298 et
2126 4227 2496 4320 privatum
2519 4224 2803 4320 magnis
2827 4244 3110 4294 summa
3141 4223 3350 4294 laude
3377 4231 3744 4294 versatum
3764 4224 3838 4292 in
3919 4229 3924 4235 “

1064 4335 1298 4419 rebus,
1324 4337 1647 4428 publicae
1680 4363 1959 4434 semper
1990 4340 2430 4413 consuluisse
2461 4342 2723 4424 saluti3
2775 4340 2866 4410 ad
2894 4337 2972 4408 id
3005 4359 3286 4409 summa
3320 4338 3656 4409 annisum
3687 4359 3835 4429 ope,

1065 4463 1151 4524 ut
1206 4474 1539 4546 aequum,
1592 4457 1805 4551 leges,
1850 4458 2194 4551 Justaque
2243 4455 2586 4549 principis
2634 4454 3038 4527 authoritas
3095 4454 3641 4525 dominarentur
3687 4474 3842 4544 per-

1065 4577 1351 4654 sancte3
1402 4569 1879 4662 imperaretur
1908 4572 2184 4643 cunctis
2219 4571 2714 4643 benevolentia
2745 4569 2978 4664 magis
3007 4590 3226 4662 quam
3261 4576 3481 4652 metu,
3533 4589 3840 4658 veroque

1062 4685 1285 4756 animi
1318 4685 1579 4758 affectu
1610 4687 1921 4779 populus
1955 4695 2422 4758 veneraretur
2451 4707 2717 4780 regem,
2751 4685 2950 4778 plebs
2983 4683 3344 4755 nobilitati
3375 4683 3644 4775 absque
3677 4703 3841 4772 que-

1060 4803 1227 4886 rela,
1280 4803 1617 4897 omnique
1666 4803 1905 4876 levata
1952 4802 2226 4896 injuria
2272 4802 2572 4874 audiens
2621 4809 2828 4884 esset,
2878 4807 2954 4872 et
3001 4799 3407 4895 morigera3
3459 4819 3590 4870 rex
3647 4795 3844 4892 flagi-
