4384 5817
1250 601 1605 672 GENTIS
1649 601 2210 684 sco'rosstm,
2257 603 2440 674 LIB.
2489 605 2572 673 V.
3181 606 3312 672 25³

526 795 883 888 piternam
905 792 1222 887 quietem
1242 794 1809 890 commigravit.”
1876 793 2302 867 Vincentius
2326 795 2451 868 lib.
2480 810 2716 866 mv.
2745 793 3028 888 Speculi
3055 793 3308 868 Histo-

528 910 725 981 rialis
750 931 905 1002 cap.
932 925 1167 981 cxw.
1191 925 1381 980 cxv,
1485 907 1958 980 Bel-charius:
1998 917 2043 951 ‘⁶
2068 907 2522 982 Luxoviense
2545 909 3061 982 monasterium
3095 933 3308 1003 expe-

528 1025 669 1108 tiit,
704 1024 833 1097 ubi
882 1023 1021 1096 sub
1067 1023 1323 1096 abbate
1367 1023 1442 1096 S.
1478 1023 1876 1098 Eustachio
1914 1025 2386 1100 monasticam
2434 1025 2661 1095 vitam
2704 1025 2982 1095 duxit.”
3080 1023 3306 1098 Jonas

525 1139 605 1210 in
640 1138 815 1212 Vita
845 1139 919 1211 S.
956 1137 1341 1231 Bertulphi
1377 1141 1457 1210 in
1488 1139 1737 1211 limine
1764 1159 1784 1210 ε
1838 1147 1883 1181 ‘⁶
1913 1137 2038 1210 Ad
2071 1139 2550 1212 venerabilem
2583 1141 2824 1210 virum
2857 1138 3304 1224 Eustasium,

524 1253 1055 1328 Luxoviensem
1086 1253 1439 1338 abbatem,
1484 1275 1561 1326 se
1592 1254 1959 1326 contulit.”
2060 1253 2476 1328 Promiscue
2525 1277 2700 1350 ergo
2729 1254 2823 1327 ab
2851 1254 2968 1326 his
3001 1257 3308 1328 vetustis

524 1371 935 1444 auctoribus
984 1367 1449 1453 Eustachius,
1507 1365 1920 1456 Eustasius,
1972 1367 2357 1442 Eustatius
2408 1379 2727 1442 vocatur.
2830 1368 3179 1466 Sigebert.
3229 1373 3310 1444 in

524 1485 901 1570 Chronico,
935 1494 1009 1558 et
1039 1485 1165 1558 lib.
1202 1485 1291 1555 de
1322 1483 1483 1558 Vir.
1519 1486 1781 1558 illustr.
1817 1506 1971 1578 cap.
2010 1501 2183 1555 Lxl.
2271 1482 2321 1553 J
2323 1505 2484 1556 oan.
2514 1483 2872 1555 Trithem.
2897 1484 3022 1556 lib.
3060 1505 3184 1556 111.
3213 1488 3307 1556 de

524 1599 683 1672 Vir.
719 1601 981 1674 illustr.
1025 1599 1282 1673 Ordin.
1319 1599 1394 1672 S.
1431 1599 1804 1672 Benedicti
1848 1623 1999 1692 cap.
2037 1616 2240 1670 Lxx.
2325 1597 2732 1672 Solennitas
2773 1600 2932 1693 ejus
2972 1601 3310 1672 recolitur

522 1717 615 1792 ab
660 1719 953 1790 ecclesia
998 1717 1117 1788 die
1165 1733 1409 1788 xxm.
1462 1715 1739 1788 Martii.
1826 1715 2304 1810 Martyrolog.
2354 1714 2663 1789 Roman.
2730 1721 2780 1756 “
2812 1713 2904 1785 In
2953 1724 3310 1787 monaste-

522 1854 630 1905 no
663 1831 1109 1905 Luxoviensi
1141 1832 1495 1924 depositio
1530 1831 1605 1903 S.
1637 1828 1967 1904 Eustasii
2012 1829 2314 1914 abbatis,
2364 1830 2698 1923 discipuli
2744 1828 2820 1902 S.
2856 1829 3308 1914 Columbani,

520 1947 649 2040 qui
682 1945 906 2019 ferme
940 1965 1072 2018 De.
1114 1946 1627 2018 monachorum
1660 1955 1866 2039 pater
1896 1945 2063 2031 fuit,
2110 1955 2185 2018 et
2220 1947 2414 2020 vitae
2443 1947 2824 2020 sanctitate
2855 1947 3302 2039 conspicuus,

523 2063 743 2135 etiam
774 2062 1140 2134 miraculis
1172 2061 1503 2134 cluunt-’⁹
1598 2059 1879 2132 Eadem
1914 2061 2081 2132 Ado
2115 2059 2595 2145 Trevirensis,
2640 2059 2862 2144 Beda,
2906 2058 3306 2144 Usuardus,

522 2176 1012 2270 Maurolycus,
1046 2175 1480 2260 Galesinius,
1518 2186 1590 2248 et
1635 2177 1782 2261 alii,
1830 2199 2139 2268 quorum
2188 2177 2520 2248 nonnulli
2569 2199 2735 2248 eum
2785 2173 3064 2247 Scotiae
3110 2197 3310 2247 meae

524 2292 959 2388 adjudicant,
1016 2292 1141 2364 alii
1200 2290 1769 2387 Burgundorum
1826 2313 2083 2387 regum
2152 2294 2504 2388 sang-uine
2564 2301 2812 2365 ortum
2869 2291 3306 2372 existimant,

520 2408 713 2502 quod
744 2406 931 2480 forte
964 2427 1239 2479 verum.

616 2522 901 2596 Floruit
934 2543 1123 2596 anno
1158 2537 1508 2594 ncxxw.
1612 2521 1895 2598 Colitur
1928 2539 2171 2598 xxm.
2209 2521 2488 2608 Martii,
2526 2532 2600 2599 et
2635 2540 2786 2596 ΧΠ.
2823 2521 3078 2594 Octob.

1484 2751 1558 2824 S.
1611 2751 2111 2828 EUNOCUS.
2165 2751 2336 2826 463.

518 2984 595 3056 S.
629 2979 1051 3067 Eunocos,
1097 2982 1494 3075 discipulus
1538 2981 1615 3054 S.
1663 2982 2113 3068 Columbani,
2146 2995 2589 3058 memoratur
2631 3010 2676 3058 a
2717 2984 2771 3057 J
2771 3007 2908 3059 ona
2942 2983 3155 3057 Scoto
3187 2987 3314 3058 ab-

516 3099 683 3174 bate
731 3098 811 3169 in
856 3097 1036 3172 Vita
1081 3099 1277 3171 illius
1336 3097 1411 3170 S.
1465 3121 1617 3191 cap.
1655 3117 1842 3172 xnI.
1946 3109 1993 3142 ‘⁶
2022 3099 2360 3183 Quatuor
2405 3101 2675 3197 insigni
2725 3101 3070 3198 religione
3116 3103 3312 3174 viros

515 3235 645 3308 per
675 3220 991 3307 quatuor
1020 3215 1274 3287 messis
1312 3216 1615 3310 angulos
1650 3216 1989 3308 disponit,
2023 3225 2224 3309 puta,
2271 3215 2704 3300 Cominium,
2750 3215 3156 3300 Eunocum,
3201 3227 3310 3288 at-

517 3351 659 3422 qne
690 3327 1241 3422 Atquananum,
1294 3351 1385 3401 ex
1432 3328 1808 3403 Scotorum
1852 3354 2135 3428 genere,
2183 3339 2529 3425 quartum
2561 3330 2991 3428 Gurganum
3020 3333 3312 3404 natione

518 3442 967 3518 Britonem.”
1064 3441 1369 3537 Scripsit

816 3555 1041 3632 Gesta
1074 3557 1507 3632 columbani
1536 3559 1877 3657 Magistri
2399 3561 2523 3633 lib.
2561 3580 2614 3634 1.

615 3673 901 3748 claruit
944 3696 1138 3748 anno
1170 3689 1393 3748 Dcv1.
1496 3674 1841 3748 Sanctum
1871 3677 2091 3750 habet
2130 3699 2297 3748 eum
2345 3699 2725 3760 nonnemo,
2771 3685 3122 3770 putatque
3166 3679 3302 3748 dici

522 3787 801 3862 Enoch.
904 3789 1192 3862 Colitur·
1218 3792 1336 3861 die
1372 3808 1459 3862 11.
1496 3790 1789 3863 Octobr.
1892 3791 2212 3865 Subense
2243 3774 2892 3887 martyrologium.

1452 4019 1524 4092 S.
1579 4019 2093 4092 ERNANUS.
2198 4018 2365 4094 464.

520 4255 567 4289 ‘⁸
591 4245 664 4318 S.
699 4245 1135 4332 Eumnus,
1169 4248 1244 4319 S.
1282 4247 1671 4322 Columbae
1703 4251 2117 4344 discipulus,
2152 4252 2525 4345 presbyter
2557 4275 2640 4324 ac
2671 4255 3121 4345 praepositus
3155 4277 3304 4326 mo-

518 4363 815 4434 nasterii
859 4365 938 4434 in
981 4361 1255 4434 Himba
1299 4364 1599 4448 insula,”
1641 4366 1746 4438 ait
1787 4364 1859 4436 S.
1906 4363 2380 4438 Adamannus
2425 4367 2506 4439 in
2561 4365 2737 4440 Vita
2793 4366 2866 4440 S.
2917 4369 3304 4452 Columbae

520 4476 645 4546 lib.
682 4495 735 4548 1.
773 4500 926 4570 cap.
963 4495 1236 4549 xxvn.
1336 4477 1640 4572 Scripsit

814 4589 1377 4664 Exhortationes
1410 4594 1503 4664 ad
1536 4593 1829 4667 Fratres
1862 4595 1940 4665 in
1974 4593 2248 4669 Himba
2279 4595 2530 4669 Insula
2695 4597 2815 4669 lib.
2854 4617 2908 4670 1.

814 4705 904 4778 In
939 4705 1295 4804 Regulam
1331 4706 1403 4778 S.
1440 4707 1524 4779 P.
1559 4708 1947 4781 Columbae
2700 4715 2819 4784 lib.
2859 4731 2910 4784 1.

620 4820 907 4896 Floruit
950 4843 1139 4895 anno
1184 4839 1405 4896 ncvl.
1511 4821 1730 4896 Hunc
1778 4825 1995 4896 etiam
2044 4825 2238 4899 inter
2285 4827 2492 4902 divos
2541 4836 2900 4920 reponunt
2945 4828 3297 4911 nonnulli,
