4384 5817
1105 557 1238 622 234
1875 535 2347 622 HISTORIA
2392 547 3152 620 EchESIAsTICA

1114 746 1388 820 Hector
1421 743 1771 818 Boethius
1805 745 1929 818 lib.
1968 763 2057 816 11.
2095 743 2378 816 Histor.
2414 745 2607 818 Scot.
2654 764 2821 838 pag.
2856 759 3009 814 ΧΠ.
3112 737 3263 812 Adi
3314 737 3407 811 ad
3454 737 3541 810 C.
3590 737 3899 811 Plinium

1111 863 1234 936 lib.
1271 881 1448 934 xv1.
1499 883 1652 953 cap.
1689 863 1822 934 ult.
1873 861 2000 934 lib.
2037 877 2241 932 xxv,
2294 883 2448 955 cap.
2486 877 2604 932 11.
2652 868 2725 932 et
2770 859 2897 932 lib.
2945 875 3191 930 XXIX.
3240 879 3393 951 cap.
3444 875 3535 929 11.
3583 854 3895 928 Caelium

1113 979 1506 1074 Rhodigin.
1558 977 1684 1051 lib.
1731 997 1978 1050 xvln.
2041 999 2195 1069 cap.
2246 995 2427 1050 xxl.
2532 975 2821 1050 Horum
2870 975 3401 1070 philosophiam
3448 973 3767 1045 maxima
3814 994 3897 1046 ex

1111 1105 1316 1187 parte
1349 1097 1762 1188 complexus
1795 1104 1907 1168 est
1947 1094 2313 1190 Diogenes
2361 1093 2699 1166 Laertius
2732 1093 3099 1188 prooemio
3150 1091 3385 1184 operis
3436 1091 3551 1161 sui
3601 1090 3691 1161 de
3732 1089 3901 1162 Vita

1111 1209 1740 1303 Philosophorum,
1807 1209 2010 1308 σέβειν
2059 1206 2249 1296 θεοῦς,
2302 1206 2421 1282 καὶ
2464 1205 2651 1306 μηδὲν
2696 1205 2899 1282 κακῶν
2956 1203 3125 1308 δςᾷν,
3180 1204 3299 1280 καὶ
3355 1201 3627 1304 ἀνδρείαν
3674 1204 3894 1292 ἀσκεῖν,

1115 1338 1160 1369 “
1209 1328 1438 1399 colere
1485 1327 1680 1412 deos,
1731 1328 1915 1400 nihil
1964 1329 2138 1399 mali
2187 1327 2443 1414 facere,
2498 1327 3001 1400 fortitudinem
3050 1325 3444 1398 exercere.”
3566 1323 3795 1395 Primi
3849 1325 3897 1394 ii

1109 1445 1552 1516 immortales
1586 1465 1740 1516 esse
1772 1445 2048 1516 animas
2082 1444 2504 1528 docuerunt,
2538 1443 2753 1536 idque
2787 1441 3108 1535 prodidit
3140 1439 3548 1513 Clitarchus
3594 1440 3719 1513 lib.
3755 1457 3895 1511 ΧΠ.

1112 1557 1449 1630 Laertius
1493 1558 1756 1630 ibidem
1809 1560 1969 1644 loci,
2035 1558 2227 1653 quod
2286 1560 2575 1654 egregio
2630 1545 3069 1631 mutuandas
3116 1557 3459 1650 pecuniae
3510 1565 3897 1628 commento

1113 1673 1648 1747 confirmarunt.
1713 1673 1918 1748 Vale.
1943 1675 2144 1746 Max.
2173 1675 2297 1746 lib.
2329 1694 2383 1745 1.
2416 1698 2570 1768 cap.
2600 1693 2689 1746 11.
2738 1671 2827 1746 Id
2850 1673 3269 1767 disciplinae
3298 1695 3528 1770 genus
3560 1671 3898 1764 expressit

1111 1787 1219 1860 M.
1257 1789 1596 1863 Lucanus
1629 1791 1754 1863 lib.
1792 1811 1846 1862 1.
1889 1791 2213 1864 Pharsal.
2249 1814 2437 1864 vers.
2476 1807 2793 1863 ccccm.

1637 1921 1720 1981 Et
1745 1941 1846 1982 vos
1868 1919 2192 1981 barbaricos
2216 1919 2387 1992 ritus,
2412 1925 2747 2000 moremque
2774 1919 3076 1980 sinistrum

1644 2017 1968 2086 Sacrorum,
1997 2016 2284 2090 Druidae,
2312 2015 2517 2097 positis
2538 2015 2839 2096 repetistis
2862 2015 2937 2076 ab
2962 2015 3156 2076 armis.

1641 2111 1794 2172 Solis
1818 2131 1986 2172 nosse
2011 2111 2169 2184 deos,
2196 2123 2259 2173 et
2284 2112 2429 2174 coeli
2452 2113 2695 2173 numina
2720 2111 2901 2183 vobis,

1635 2209 1766 2268 Aut
1791 2207 1928 2268 solis
1953 2211 2176 2270 nescire
2203 2208 2445 2270 datum:
2486 2228 2721 2269 nemora
2746 2207 2865 2268 alta
2889 2209 3129 2270 remotis

1639 2302 1905 2364 Incolitis
1930 2303 2116 2364 lucis:
2157 2305 2321 2364 vobis
2346 2305 2679 2364 auctoribus
2702 2303 2943 2364 umbrae

1637 2397 1698 2456 N
1699 2419 1774 2458 on
1801 2400 2008 2460 tacitas
2035 2399 2216 2461 Erebi
2244 2398 2427 2472 sedes,
2456 2400 2735 2480 Ditisque
2760 2397 3037 2480 profundi

1635 2493 1862 2554 Pallida
1889 2515 2071 2574 regna
2095 2505 2343 2556 tenent:
2388 2495 2541 2574 regit
2568 2493 2725 2556 idem
2752 2493 2997 2576 spiritus
3022 2501 3185 2554 artus

1639 2587 1802 2650 orbe
1829 2589 1960 2661 2110,
1987 2589 2195 2672 longae
2220 2589 2431 2651 mitis
2456 2589 2507 2652 ai
2530 2589 2765 2670 cognita
2788 2589 2967 2650 vitae.
3068 2645 3093 2666 ,

1210 2720 1369 2794 Hos
1419 2721 1555 2794 etsi
1594 2724 1924 2794 nonnulli
1969 2721 2479 2820 Augustorum
2524 2721 2839 2796 Romani
2889 2722 3175 2815 imperii
3222 2685 3485 2795 finibu}
3534 2724 3893 2796 excludere

1109 2845 1528 2922 tentassent,
1561 2839 1924 2911 retinuere
1957 2849 2202 2912 tamen
2248 2840 2575 2912 studiosa
2616 2839 2983 2934 religionis
3028 2837 3485 2912 observantia
3526 2847 3889 2924 nostrates,

1109 2963 1180 3024 et
1212 2954 1463 3045 populi
1499 2955 1822 3047 plerique
1856 2956 2002 3028 alii.
2090 2955 2432 3027 Meminit
2456 2955 2619 3029 Ael.
2657 2955 3029 3048 Lamprid.
3064 2955 3143 3026 in
3167 2953 3589 3028 Alexandro
3620 2955 3893 3038 Severo,

1107 3067 1220 3139 ΓΙ.
1257 3066 1546 3160 Vopisc.
1583 3071 1661 3140 in
1694 3069 2118 3157 Aureliano,
2155 3082 2229 3144 et
2261 3073 2340 3143 in
2374 3069 2845 3144 Numeriano.
2921 3068 3207 3142 Horum
3244 3093 3455 3142 curae
3488 3081 3895 3168 magnatum

1105 3184 1310 3255 liberi
1347 3187 1538 3276 apud
1574 3197 1928 3259 nostrates
1963 3190 2347 3273 commissi,
2382 3212 2427 3260 a
2457 3189 2721 3282 quibus
2754 3195 3025 3260 rectam
3075 3187 3371 3260 virtutis
3416 3187 3895 3280 adipiscendae

1105 3301 1455 3371 rationem
1492 3303 1976 3376 edocerentur.
2083 3303 2371 3376 Horum
2419 3307 2751 3397 princeps
2783 3303 2931 3375 fuit
2974 3303 3050 3374 S.
3086 3303 3599 3389 ColumbanuS,
3648 3314 3733 3376 ut
3780 3303 3891 3376 lib.

1107 3431 1230 3485 111.
1265 3416 1402 3488 hoc
1436 3439 1648 3510 opere
1683 3419 1858 3492 dixi.
1963 3419 2377 3532 Successere
2410 3429 2657 3513 postea
2688 3420 2769 3491 in
2800 3441 3051 3493 eorum
3090 3421 3352 3504 locum,
3386 3420 3892 3502 auctoritatem,

1105 3541 1176 3602 et
1209 3553 1378 3624 opes
1413 3534 1766 3604 monachi.
1869 3533 2290 3608 Scribebant
2322 3536 2447 3607 isti

1403 3647 1516 3720 De
1551 3651 1800 3722 divino
1833 3647 2058 3721 Cultu
2892 3651 3016 3724 lib.
3056 3671 3110 3724 1.

1397 3765 1512 3836 De
1546 3765 1948 3861 Religionis
1983 3764 2220 3837 Sacris
2894 3770 3019 3840 lib.
3062 3785 3114 3838 1.

1399 3879 1514 3952 De
1546 3880 2012 3951 Fortitudine
2043 3881 2298 3953 bellica
2898 3885 3023 3956 lib.
3064 3901 3115 3953 1.

1396 3995 1511 4066 De
1543 3995 1855 4066 Animae
1891 3994 2447 4070 Immortalitate
2897 4001 3022 4071 lib.
3061 4018 3115 4070 1.

1401 4111 1712 4182 Oracula
2890 4117 3013 4188 lib.
3052 4135 3105 4186 1.
3153 4137 3339 4208 quae
3382 4137 3529 4186 non
3574 4116 3711 4186 viri
3756 4135 3893 4186 mo-

1497 4228 1612 4310 do,
1645 4228 1768 4298 sed
1803 4229 2020 4300 etiam
2054 4228 2365 4302 feminae
2397 4230 2933 4304 consulentibus
2967 4231 3383 4303 reddebant.

1203 4341 1592 4414 Florebant
1625 4344 1716 4414 ab
1751 4345 1962 4416 initio
1993 4348 2202 4441 regni
2235 4345 2543 4419 fundati.

1859 4541 2381 4616 GEORGIUS
2427 4545 2873 4620 DUNDAS.
2980 4552 3149 4620 425.

1101 4689 1532 4764 GEORGIUs
1652 4691 1978 4776 Dundas,
2097 4691 2367 4766 Graece
2484 4695 2887 4790 Latineque
3002 4697 3458 4770 doctissimus
3591 4695 3893 4774 habitus,

1096 4808 1424 4900 equitum
1558 4806 2409 4920 Hierosolymitanorum·
2502 4813 2699 4883 intra
2806 4835 3109 4909 regnum
3230 4811 3511 4886 Sootiae
3633 4807 3897 4905 praefe-
