4384 5817
1003 509 1134 572 158
1743 503 2234 578 HISTORIA
2279 501 3029 571 ECCLESIASTICA

1300 695 1422 766 Ad
1456 695 1748 766 Clerum
1781 693 2140 766 Scoticum
2171 713 2389 785 super
2420 690 2783 764 Ecclesiae
2816 691 3125 764 Statutis
3321 693 3445 764 lib.
3484 711 3536 766 1.

1107 811 1394 883 Floruit
1424 833 1614 882 anno
1647 827 1866 881 DCVI.
1903 811 2141 881 seculo
2173 808 2297 880 SS.
2332 809 2522 901 apud
2558 818 2911 880 nostrates
2942 807 3407 885 feracissimo.

1845 1039 1919 1111 S.
1971 1038 2694 1114 COLUMBANUS.
2800 1037 2967 1111 264.

1013 1273 1086 1342 S.
1120 1273 1696 1344 COLUMBANUS
1721 1274 2112 1345 monachus
2135 1272 2665 1354 Benedictinus,
2702 1273 2887 1347 alius
2920 1295 2965 1344 a
2998 1271 3341 1345 Bobiensi
3366 1281 3441 1344 et
3472 1277 3800 1369 episeopo

1021 1386 1346 1483 [eodem]
1385 1390 1830 1484 cognomine,
1873 1389 1962 1459 de
1993 1388 2255 1480 quibus
2288 1409 2529 1480 supra,
2564 1388 2853 1482 egregia
2886 1397 2931 1430 “
2962 1388 3365 1468 sanctitatis
3398 1411 3573 1462 suae
3606 1395 3803 1464 testi-

1013 1503 1260 1576 monia
1291 1505 1598 1596 posteris
1630 1505 1986 1596 reliquit,”
2035 1505 2140 1574 ait
2171 1503 2477 1574 Arnold.
2530 1501 2775 1574 Uvion
2824 1503 2950 1574 lib.
2990 1519 3113 1572 111.
3164 1502 3381 1599 Ligu.
3432 1503 3587 1578 Vit.
3639 1529 3799 1603 pag.

1015 1637 1406 1691 ccccxnl.
1441 1642 1531 1691 ex
1562 1618 1613 1689 J
1614 1642 1680 1688 o.
1715 1617 2012 1692 Leslaeo
2043 1619 2168 1690 lib.
2208 1637 2318 1689 IV.
2373 1618 2570 1689 Hist.
2604 1617 2793 1688 Scot.
2842 1617 2985 1689 Sed
3030 1638 3281 1690 vereor
3327 1641 3419 1692 ne
3466 1617 3683 1706 erret,
3730 1633 3800 1694 et

1013 1755 1179 1806 eum
1229 1735 1658 1805 monachum
1697 1732 2246 1806 Benedictinum
2302 1733 2541 1814 faciat,
2599 1733 2725 1825 qui
2776 1733 2937 1807 aliis
2986 1733 3379 1825 episcopus,
3430 1757 3515 1806 eo
3564 1741 3799 1810 seculo

1015 1872 1160 1942 quo
1191 1851 1374 1920 acris
1407 1851 1486 1920 in
1519 1848 1758 1922 Scotia
1790 1850 2200 1944 agitabatur
2238 1849 2328 1919 de
2369 1849 2745 1921 Pascbatis
2776 1848 3245 1920 celebratione
3294 1835 3827 1926 controversias

1020 1965 1184 2058 Ipse
1216 1966 1500 2038 viderit.
1604 1964 1728 2036 An
1761 1965 1880 2036 hic
1911 1965 2184 2058 aliquid
2218 1965 2604 2056 scripserit,
2638 1964 3015 2036 incertum.

1117 2081 1400 2154 Claruit
1433 2082 1630 2153 domi
1661 2083 1740 2153 in
1775 2081 2016 2154 Scotia
2047 2100 2239 2152 anno
2272 2097 2446 2153 nex
2454 2098 2525 2152 1..
2629 2078 2873 2151 Uvion
2907 2082 3061 2152 loco
3092 2083 3407 2156 laudato.
3492 2085 3659 2166 Quo
3690 2085 3803 2156 die

1019 2200 1176 2294 ejus
1207 2198 1553 2272 memoria
1581 2200 1960 2282 recolatur,
1991 2218 2122 2269 nec
2153 2197 2337 2268 mibi
2370 2197 2845 2288 exploratum.

1867 2429 1940 2499 S.
1993 2425 2687 2500 CHUNIALDUS.
2790 2423 2957 2498 265.

1017 2661 1092 2732 S.
1129 2658 1682 2731 CmeALDUs
1715 2659 2107 2752 presbyter,
2155 2681 2245 2730 ex
2278 2659 2521 2730 Scotia
2548 2659 2627 2728 in
2672 2655 3132 2729 Germaniam
3178 2667 3463 2730 secutus
3496 2659 3571 2730 S.
3608 2660 3807 2731 Rud-

1017 2775 1301 2847 bertum
1336 2774 1944 2868 Salisburgensem
1981 2774 2376 2846 antistitem
2428 2774 2765 2865 primum,
2818 2776 3130 2860 multum
3170 2775 3516 2846 momenti
3562 2776 3809 2847 attulit

1022 2891 1114 2962 ad
1145 2893 1493 2984 populum
1529 2889 1962 2962 Christianis
1993 2890 2257 2962 ritibus
2290 2888 2778 2962 imbuendum.
2882 2889 3185 2980 Scripsit

1317 3006 1508 3079 Acta
1539 3005 1896 3078 Rudberti
1931 3005 2271 3100 Magistri
2826 3006 2952 3076 lib.
2990 3021 3043 3074 1.
3093 3002 3527 3096 Anonymus
3562 3015 3809 3078 auctor

1415 3115 1630 3192 Vitae
1663 3119 1738 3190 S.
1772 3119 2129 3192 Rudberti
2161 3143 2313 3214 cap.
2344 3137 2588 3192 xvln.
2638 3121 3041 3212 publicatus
3090 3122 3183 3193 ab
3234 3120 3551 3192 Hem-ico
3600 3120 3811 3192 Cani-

1420 3238 1530 3308 sio
1562 3245 1739 3308 tom.
1775 3253 1888 3306 vl.
1922 3234 2311 3330 Antiquar.
2352 3234 2669 3308 Lection.
3702 3269 3710 3280 ·

1121 3353 1408 3425 Floruit
1425 3373 1616 3423 anno
1637 3369 1895 3423 Dcxx.
1955 3350 2239 3424 Colitur
2262 3361 2551 3424 sanctus
2578 3369 2813 3423 ΠΝ.
2840 3352 3237 3445 Septembr.
3298 3351 3714 3444 Discipulus
3734 3351 3807 3422 S.

1025 3467 1430 3540 Eberhardi
1463 3469 1542 3538 in
1565 3465 1744 3540 Vita
1775 3465 2303 3560 Episcoporum
2334 3465 2991 3562 Salzburgensium,
3012 3476 3190 3540 tom.
3228 3485 3313 3538 11.
3342 3464 3601 3560 Antiq.
3636 3465 3812 3538 Lec-

1025 3585 1202 3656 tion.
1238 3605 1402 3678 pag.
1439 3600 1688 3655 ocul.

1892 3814 1968 3887 S.
2021 3812 2652 3886 CONGALLUS.
2756 3811 2923 3886 266:

1029 4045 1104 4115 S.
1174 4043 1706 4128 CONGALLUS,
1773 4045 1992 4119 abbas
2059 4045 2475 4118 monasterii
2540 4046 2733 4116 illius
2802 4044 3249 4128 nobilissimi,
3320 4045 3515 4136 quod
3580 4037 3817 4114 Hali-

1029 4153 1228 4230 wode
1285 4169 1652 4244 vocarunt,
1711 4161 2023 4232 mirabili
2083 4160 2463 4232 sanctitate
2518 4163 2713 4234 vitae
2768 4159 3039 4232 effulsit
3101 4161 3525 4252 praecipuus
3594 4158 3819 4252 virgi-

1028 4274 1278 4346 nitatis
1335 4276 1567 4346 cultor
1631 4285 1703 4347 et
1771 4285 2102 4359 assertor,
2161 4285 2247 4346 ut
2296 4277 2449 4346 solo
2502 4287 2777 4350 attactu
2834 4277 3099 4346 multos
3156 4274 3817 4347 continentissimos

1032 4411 1122 4460 ex
1155 4390 1496 4462 dissolute
1529 4391 1812 4462 lascivis
1844 4391 2254 4473 reddiderit,
2286 4400 2374 4462 ut
2406 4391 2584 4462 liber
2634 4391 3150 4462 Miraculorum
3198 4389 3429 4480 ipsius
3475 4397 3808 4471 testatur,

1036 4525 1246 4595 quem
1284 4503 1641 4574 Patricius
1675 4503 2144 4576 Andersonus
2177 4527 2254 4575 se
2286 4505 2551 4578 vidisse
2584 4507 2853 4578 scribit.
2940 4503 3247 4597 Scripsit

1331 4617 1712 4710 Trophaea
1742 4619 1971 4691 Cruce
2003 4621 2453 4716 signatorum
2748 4619 2871 4692 lib.
2914 4639 2963 4691 1.
3000 4641 3217 4692 versu
3250 4619 3585 4716 eleganti.
3622 4617 3820 4688 Lau·

1427 4735 1550 4806 dat
1589 4733 1992 4806 Fordunus.
