4384 5817
1068 493 1157 562 86
1832 494 2302 596 HISTORIA
2345 492 3096 565 EchEslAsTICA

1796 799 2330 878 HE'NRICUS
2375 797 2920 875 AVIELLUS.
3023 804 3146 874 51.

1080 1035 1521 1108 Hzmucus
1550 1030 1905 1118 Avienus,
1945 1042 2151 1128 patre
2182 1031 2431 1128 Anglo
2477 1031 2765 1126 captivo
2795 1031 2876 1106 in
2907 1031 3148 1106 Scotia
3191 1033 3506 1130 genitus,
3555 1036 3674 1110 vir
3703 1039 3866 1112 doe·

1077 1152 1423 1238 tissimus,
1458 1171 1623 1222 cum
1655 1149 1967 1242 patriam
1996 1171 2206 1222 suam
2236 1149 2520 1222 abunde
2549 1147 3100 1235 cohonestasset,
3143 1149 3238 1238 ad
3279 1159 3564 1224 exteras
3609 1163 3864 1248 gentes

1074 1266 1460 1362 profectus,
1496 1264 1754 1350 Gallia,
1784 1265 2065 1361 Belgio,
2098 1263 2628 1358 Germaniaque
2659 1267 3312 1356 operoselustrata,
3349 1265 3429 1336 in
3461 1265 3676 1340 Italia
3697 1269 3866 1340 snb-

1075 1383 1287 1468 stitit,
1342 1380 1853 1475 Bononiaeque
1896 1383 2294 1454 clarissimo
2339 1381 2716 1452 literarum
2763 1381 3084 1473 emporio
3127 1381 3552 1454 medicinam
3583 1382 3864 1474 publice

1076 1495 1463 1591 professus.
1564 1494 1906 1568 Nicolaus
1939 1494 2369 1568 Paschasius
2400 1493 2776 1568 Alidosius
2821 1495 2903 1568 in
2948 1494 3362 1592 Peregrinis
3403 1494 3862 1572 Ductoribus.

1078 1611 1382 1706 Scripsit
1410 1633 1678 1708 magna
1706 1632 1798 1683 ex
1826 1621 2033 1704 parte
2065 1611 2435 1684 extantia:

1373 1726 1659 1800 Veteris
1690 1737 1767 1800 et
1796 1725 2050 1799 Novae
2082 1725 2484 1800 Medicinae
2515 1719 2902 1820 Specuimn
3049 1727 3178 1800 lib.
3215 1744 3275 1802 1.

1376 1843 1493 1916 De
1523 1842 1873 1916 Botanica
3057 1842 3184 1915 lib.
3220 1859 3276 1913 1.

1372 1957 1727 2054 Stil-pium
1759 1957 2125 2030 variarum
2160 1955 2567 2030 Historiam
3057 1957 3186 2030 lib.
3221 1975 3277 2030 1.

1180 2075 1501 2150 Docebat
1532 2097 1721 2147 anno
1757 2090 2204 2145 Mchxxx.
2289 2072 2382 2144 Se
2407 2069 2702 2145 Scotum
2727 2079 2938 2146 vocat
2967 2071 3050 2146 in
3081 2069 3524 2188 praefatione
3555 2071 3862 2171 Spectui,

1074 2193 1269 2288 quod
1298 2189 1625 2266 Venetiis
1658 2189 1951 2285 prodiit.

2119 2419 2601 2495 ACHAIUS.
2703 2425 2824 2496 52.

1075 2651 1481 2736 Aenum,
1529 2675 1659 2724 rex
1706 2653 2006 2738 Scotiae,
2056 2651 2340 2726 Ethfini
2389 2653 2582 2726 filius
2629 2655 2794 2747 pius
2835 2661 2912 2727 et
2951 2654 3290 2750 prudens,
3351 2653 3864 2728 Hibernienses

1032 2835 1035 2838 ,
1079 2769 1605 2840 tumultuantes
1670 2769 2127 2860 compescuit,
2190 2779 2622 2862 perpetuum
2687 2769 2940 2844 foedus
3005 2791 3170 2844 cum
3243 2769 3504 2844 Carolo
3567 2765 3860 2867 Magno,

1077 2894 1445 2956 aeternum
1512 2905 1679 2955 cum
1744 2883 2264 2962 successoribus
2332 2885 2490 2980 ejus
2557 2883 2835 2958 Galliae
2913 2886 3204 2982 regibus
3269 2886 3567 2982 pepigit,
3633 2885 3862 2958 Guili-

1080 3003 1349 3072 elmum
1436 3021 1862 3095 germanum
1944 3019 2154 3070 suum
2247 3021 2410 3070 cum
2505 3016 2618 3071 vr.
2701 3000 3022 3074 millibus
3101 3010 3544 3074 armatorum
3615 3011 3862 3074 contra

1078 3115 1465 3187 Saracenos
1524 3115 2008 3186 militaturum
2066 3115 2298 3186 eidem
2357 3115 2732 3188 submisit.·
2779 3115 3103 3190 Annales
3171 3115 3435 3190 Franci
3503 3126 3580 3190 et
3645 3115 3858 3192 Scoti.

1081 3230 1383 3324 Scripsit

1376 3346 1747 3442 Epistulas
1779 3347 1871 3419 ad
1906 3345 2246 3418 Carolum
2281 3345 2634 3440 Magnum
2855 3348 2981 3420 lib.
3019 3367 3073 3422 1.
3133 3347 3475 3420 Meminit
3507 3345 3861 3444 Eginhar·

1474 3471 1619 3548 tus,
1652 3473 1779 3536 aut
1810 3462 2246 3546 Kineardus,
2277 3470 2562 3536 nostras
2593 3465 2674 3534 in
2704 3461 2914 3536 Actis
2946 3464 3187 3538 Caroli
3221 3463 3502 3560 Magni.

1376 3578 1569 3653 Acta
1600 3579 1889 3675 Regum
1922 3580 2368 3650 decessorum
2401 3599 2698 3652 suorum
2863 3580 2988 3654 lib.
3024 3597 3080 3652 1.

1378 3695 1611 3791 Leges
1646 3693 2119 3788 Municipales
2859 3695 2990 3767 lib.
3026 3712 3079 3766 1.

1175 3810 1381 3884 Obiit
1414 3826 1693 3881 xxxu.
1728 3831 1919 3880 anno
1950 3809 2155 3904 regni
2186 3809 2326 3894 sui,
2362 3808 2692 3881 Paschali
2725 3809 3002 3882 Romae
3035 3809 3346 3895 sedente,
3383 3807 3706 3906 Egberto
3727 3813 3862 3884 toti

1080 3925 1395 4023 Angliae
1442 3924 1864 4018 imperante,
1912 3944 2099 4016 quae
2146 3925 2353 4018 prius
2402 3923 2482 3996 in
2529 3924 2900 4018 dynastiae
2949 3933 3142 3998 secta
3181 3933 3361 4012 erat,
3395 3947 3586 3998 anno
3615 3926 3866 4000 salutis

1082 4042 1439 4114 humanae
1472 4055 1807 4111 necent.

2194 4267 2545 4344 ACCAS.
2643 4275 2764 4344 53.

1081 4505 1380 4590 Accae,
1447 4514 1577 4578 aut
1649 4502 1901 4586 Aetas,
1974 4511 2105 4576 aut
2174 4499 2392 4585 Acca,
2467 4511 2555 4574 ut
2627 4501 2846 4578 habet
2911 4503 3379 4577 Hei-mannus
3444 4504 3866 4616 Contractus

1084 4621 1356 4694 Chron.
1405 4622 1497 4693 ad
1546 4641 1818 4694 annum
1869 4635 2113 4690 Dccx.
2174 4617 2292 4688 vir
2339 4639 2643 4714 magnae
2698 4618 3012 4711 pietatis,
3067 4641 3200 4692 nec
3255 4621 3554 4694 minoris
3611 4622 3866 4696 doctri-

1082 4761 1241 4824 nae,
1308 4737 1543 4812 Bosae
1606 4733 2119 4830 archiepiscopi
2182 4730 2660 4807 Eboracensis
2726 4734 3142 4830 discipulus,
3225 4736 3319 4811 ab
3399 4737 3646 4812 eodem
3727 4738 3868 4830 epi·
