4384 5817
1052 611 1142 676 84
1817 601 2289 682 HISTORIA
2332 607 3109 680 ECCLESIASTICA

1057 797 1176 871 Jo.
1207 792 1654 872 Gualterium
1677 809 2381 895 pag.uccr.xxx·11.
2438 799 2857 874 walramus
2878 797 3449 934 archiepiscopus
3470 797 3849 874 Colonien-

1059 916 1216 986 sis‘
1221 915 1345 985 ‘in
1370 914 1714 986 honorem
1747 913 1822 987 S.
1857 913 2215 1013 Brigidae
2228 916 2595 990 ecelesiam
2620 911 3105 1000 cameravit,
3133 911 3315 988 baec
3340 913 3547 1014 virgo
3570 911 3847 988 Soofioe

1061 1027 1270 1102 fuit?
1304 1027 1865 1103 wandelbertus
1901 1023 2349 1104 Prumiensis
2380 1029 2858 1128 Martyrolog.

1659 1155 3215 1250 Brigidsvirgopotsnsl'ebmisibiprimshlendu

1663 1243 2347 1336 Scotorammiroposeit
2374 1252 2901 1316 celebratafavore.

1066 1436 1076 1446 ,,
1155 1367 1353 1440 Petr.
1381 1367 1744 1462 Cratepol.
1767 1389 1936 1464 pag.
1965 1385 2174 1440 xxx.
2212 1365 2547 1440 “Sancta
2570 1367 2877 1464 Brigida
2898 1389 2991 1440 ex
3014 1365 3322 1440 Scotia.”.
3418 1365 3853 1460 Manoriam

1055 1483 1214 1578 ejus
1245 1485 1497 1556 recolit
1523 1485 1814 1556 ecclesia
1835 1483 2146 1556 calendis
2168 1481 2573 1556 Februarii.
2626 1481 3104 1579 Martyrolog.
3138 1479 3449 1556 Roman.
3484 1491 3531 1525 ‘⁶
3554 1481 3648 1556 In
3676 1481 3851 1562 Scae

1054 1597 1162 1670 tia
1193 1595 1267 1670 S.
1302 1597 1648 1695 Brigidae
1680 1599 2008 1696 virginis,
2053 1619 2243 1692 quae
2280 1619 2447 1670 cum
2490 1599 2773 1694 lignum
2804 1599 3053 1672 altaris
3086 1597 3467 1693 tetigisset,
3504 1597 3789 1676 viride·
3766 1616 3847 1668 ιιι

1054 1712 1548 1786 testimonium
1595 1713 2040 1809 virginitatis
2083 1735 2257 1784 suae
2286 1711 2558 1785 factum
2590 1713 2763 1786 est.'’
2860 1711 3141 1786 Eadem
3174 1713 3299 1784 illo
3330 1713 3447 1783 die
3477 1713 3675 1806 apud
3706 1711 3847 1784 Bc-

1053 1827 1243 1910 dam,
1294 1826 1732 1913 Usuardum‚
1759 1827 2122 1901 Adonem
2159 1825 2671 1914 watinensem.
2710 1837 2787 1900 et
2833 1827 3037 1900 alios.
3137 1825 3329 1900 Acta
3370 1828 3528 1924 ejus
3572 1835 3647 1899 et
3694 1828 3851 1904 vita,

1053 1943 1246 2035 apud
1271 1941 1592 2016 Surium
1625 1953 1818 2016 tom.
1871 1961 1924 2014 1.
1975 1965 2195 2036 quam
2242 1943 2605 2016 contraxit
2650 1943 2729 2015 in
2786 1965 3015 2036 pauca
3072 1941 3433 2015 Francisc.
3495 1941 3843 2020 Haraeus.

1051 2055 1484 2151 Rodulplms
1533 2059 1624 2130 de
1671 2057 1932 2142 Breda,
1981 2079 2112 2130 seu
2159 2058 2251 2129 de
2304 2057 2523 2143 Rivo,
2583 2067 2751 2131 ante
2808 2075 2931 2130 cc.
2992 2079 3217 2132 annos
3274 2059 3586 2133 decanus
3644 2055 3847 2130 Tun·

1049 2173 1328 2269 grensis
1369 2174 1450 2246 in
1491 2173 1918 2261 calendario
1956 2173 2315 2268 generalia
2368 2179 2413 2214 ‘⁶
2444 2171 2567 2246 Ex
2608 2171 2849 2246 Scotia
2890 2172 3249 2268 Brigidae,
3287 2173 3591 2268 virginis
3612 2173 3673 2244 :”
3720 2172 3845 2244 scd

1047 2290 1259 2386 longe
1291 2290 1548 2362 melius
1589 2289 1972 2384 Cogitosus
2015 2289 2174 2383 ejus
2214 2309 2459 2380 nepos,
2506 2286 2667 2360 MS.
2715 2289 2795 2362 in
2836 2287 3266 2362 bibliotheca
3302 2287 3723 2362 monasterii
3766 2285 3840 2358 S.

1049 2403 1398 2476 Caeciliae
1443 2413 1660 2476 trans·
1691 2401 2070 2498 Tyberim.
2105 2403 2335 2476 etiam·
2374 2403 2467 2474 ab
2518 2401 2835 2476 Henrico
2886 2401 3178 2478 emisio
3222 2403 3671 2496 publicatum·
3687 2401 3843 2496 ejus

1045 2526 1254 2614 gesta
1274 2527 1522 2590 narrat
1545 2539 1566 2602 ;
1602 2518 1724 2589 hic
1747 2526 1793 2560 “
1817 2517 1894 2588 in
1919 2517 2695 2607 ulterioriBritanniae
2716 2525 2923 2612 parte
2946 2519 3238 2608 natam”
3269 2517 3671 2610 profitetur.
3740 2517 3841 2588 Et

1045 2641 1256 2724 pater
1303 2633 1460 2728 eJus
1509 2617 1976 2704 Cathenesiae
2015 2653 2279 2724 prorex
2324 2631 2641 2706 Saxones
2692 2632 3169 2726 irrumpentes
3218 2633 3537 2704 animose
3584 2633 3838 2705 arcuit.

1051 2747 1374 2820 Fordun.
1403 2747 1562 2820 MS.
1644 2735 2078 2842 virgineum
2101 2750 2346 2820 velum
2370 2747 2681 2840 sumpsit
2702 2749 2783 2819 in
2806 2737 3034 2819 Mona
3056 2747 3313 2829 insula,
3348 2769 3535 2842 quae
3558 2769 3641 2818 eo
3664 2769 3841 2819 aevo

1047 2883 1301 2958 regum
1315 2861 1704 2938 Scotorum
1729 2865 2122 2954 sepultura.
2198 2863 2455 2936 Boeth.
2484 2861 2611 2933 lib.
2638 2861 3017 2936 1x.Fuse
3046 2861 3237 2934 libro
3258 2871 3599 2954 sequente
3622 2862 3785 2934 hic
3760 2884 3841 2934 m

1047 2975 1318 3052 Sancto
1343 2973 1800 3056 columbano
1807 2977 2174 3052 Bobiensi.
2226 2976 2335 3054 Et
2356 2979 2563 3074 origo
2582 2977 2813 3072 patris
2836 2978 2995 3074 ejus
3018 2978 3101 3050 in
3122 2975 3443 3051 Ladenia
3466 2976 3837 3060 Ptolomei‚

1050 3113 1242 3174 nunc
1273 3093 1630 3177 Laudian,
1663 3101 1748 3165 ut
1783 3092 1946 3164 ibi.
2009 3093 2313 3187 Scripsit
2387 3101 2391 3106 ’

1343 3206 1654 3281 Suarum
1709 3208 2263 3282 Revelationum
2286 3207 2785 3288 slib.1.1n
2814 3231 2997 3304 quas
3047 3208 3329 3285 Indices
3386 3209 3611 3282 edidit
3666 3208 3839 3281 Ala-

1335 3355 1348 3374 ⁶
1441 3345 1582 3396 nus
1615 3325 1704 3396 de
1759 3322 2004 3396 Linna
2058 3322 2449 3396 carmelita
2494 3325 2633 3398 sub
2680 3348 2952 3397 annum
3004 3341 3429 3397 mccccxx.
3478 3347 3657 3418 quas
3704 3327 3847 3398 cla·-

1441 3439 1710 3511 tissimi
1761 3438 2170 3531 philosophi
2228 3447 2303 3510 et
2358 3439 2673 3536 theologi
2732 3461 3124 3534 expostoere
3178 3440 3705 3522 commentariis
3756 3461 3839 3512 ac

1445 3552 2044 3646 praelectionibus
2099 3552 2430 3625 Oxoniae
2488 3555 2791 3647 publicis
2848 3555 3039 3626 circa
3088 3574 3359 3628 annum
3398 3571 3838 3626 mncccnxx

1305 3717 1314 3724 -
1440 3667 1764 3740 Thomas
1798 3667 2106 3741 Stubbes
2152 3666 2692 3754 Dominicanus,
2738 3668 3147 3743 Richardus
3190 3667 3621 3834 Lavynham
3668 3667 3839 3740 Car-

1443 3784 1712 3856 melita.

1069 3896 1338 3968 Tam
1369 3898 1724 3992 gloriosae
1756 3899 1950 3971 vitae
1997 3901 2359 3994 virginem
2397 3898 2525 3991 qui
2558 3901 2953 3992 culparent,
2988 3921 3137 3972 non
3176 3827 3561 3972 defuerunt
3602 3923 3693 3972 ex
3734 3901 3839 3971 ul·

1051 3949 1232 4082 tima
1285 4011 1806 4084 haereticorum
1861 4011 2106 4086 faece·
2175 4011 2228 4083 J
2226 4035 2387 4086 oan
2446 4011 2899 4108 Capgravius
2946 4015 3245 4110 magicis
3290 4015 3839 4088 incantamentis

1046 4147 1202 4200 eam
1241 4139 1474 4210 usam,-
1505 4123 1557 4195 J
1555 4147 1717 4198 oan.
1755 4125 2064 4198 Knoxus
2095 4127 2691 4218 superstitionum
2726 4138 3117 4220 parentem,
3148 4130 3475 4222 impurus
3499 4151 3583 4202 ac
3604 4130 3839 4203 libitu:

1047 4261 1268 4315 nosus
1300 4250 1636 4334 apostata
1667 4240 1978 4312 Balaeus
2011 4241 2514 4314 Revelationes
2556 4241 2753 4316 illius
2798 4245 3283 4316 sanctissimas
3328 4243 3607 4322 Dianae
3652 4265 3839 4316 som-

1047 4354 1172 4428 nia
1189 4367 1458 4432 rocam
1491 4377 1638 4428 non
1672 4363 1982 4427 veretur.
2067 4356 2351 4428 Claruit
2384 4379 2499 4429 an.
2536 4375 2842 4430 valu.
2878 4360 2996 4432 vel
3028 4377 3235 4430 Dxx.
3274 4369 3360 4433 ut
3400 4360 3670 4432 dictum
3704 4369 3833 4444 est,

1049 4469 1176 4545 vel·
1217 4484 1556 4566 nxxvn.
1653 4469 2086 4542 Genebrard.
2122 4470 2389 4542 Chron.
2426 4493 2589 4567 pag.
2627 4490 3005 4545 ccccmx.
3106 4473 3333 4546 Errat
3366 4472 3675 4556 Plotina,
3698 4474 3841 4566 ⁴qui

1048 4605 1206 4656 eam
1239 4605 1400 4656 cum
1436 4583 1740 4681 Brigida
1773 4583 2019 4668 Sueca,
2053 4593 2138 4658 ut
2169 4585 2345 4669 dixi,
2380 4586 2776 4660 confundit.
2878 4587 3311 4684 Regnabant
3342 4587 3535 4680 apud
3585 4586 3835 4660 Scotos

1048 4696 1422 4772 Consanus
1481 4707 1556 4770 et
1607 4698 2022 4796 congallus,
2079 4700 2511 4794 imperabat
2534 4699 2585 4770 J
2588 4703 2871 4778 ustinus
2920 4704 3179 4800 major,
3240 4702 3583 4776 Mariano
3631 4710 3843 4788 teste,-

1048 4811 1374 4944 Romae
1351 4835 1432 4888 ιιι
1464 4812 1665 4889 Petri
1699 4815 2038 4896 cathedra
2069 4816 2361 4890 sedebat
2392 4815 2811 4896 Bonifatius
2844 4816 2947 4892 II.
3045 4877 3053 4884 .
3321 4857 3329 4863 »-
