4384 5817
1275 565 1629 634 GENTIS
1676 560 2235 644 scoTORmm
2278 561 2458 631 LIB.
2502 562 2633 630 111.
3220 557 3354 626 '133

855 756 970 829 De
1001 756 1327 852 legitimo
1361 755 1680 828 Paschae
1713 751 2168 827 celebrandae
2202 751 2559 846 Tempore
2634 749 2761 824 lib.
2798 771 2851 824 1.

851 871 944 942 In
975 869 1383 966 Evangelia
2636 867 2761 939 lib.
2797 885 2855 940 1.

856 983 1216 1057 Homilias
2082 983 2209 1057 lib.
2247 1001 2312 1054 1..
2334 979 2505 1054 Alia
2537 984 2729 1075 apud
2764 981 3112 1054 Balaeum
3147 982 3334 1052 vide.

655 1099 1059 1192 Episcopus
1094 1099 1550 1172 orientalium
1585 1099 1950 1170 Saxonum
1983 1107 2433 1171 consecratus
2466 1107 2577 1168 est
2608 1120 2799 1169 anno
2832 1099 3043 1170 salut.
3084 1113 3337 1168 DCLX.
3352 1119 3367 1133 ⁷

559 1214 1070 1287 monasterium
1103 1212 1596 1309 Leastingaig.
1633 1237 1679 1286 a
1709 1213 2197 1284 fundamentis
2239 1213 2467 1283 erexit
2506 1233 2695 1283 anno
2739 1228 3051 1284 Dchn.
3112 1210 3341 1283 archi-

557 1329 864 1422 episcopi
932 1326 1406 1400 Eboracensis
1475 1327 1818 1400 honorem
1873 1329 2186 1419 suscepit
2241 1351 2359 1399 an.
2423 1342 2763 1397 Dchvl.
2827 1328 2920 1398 ad
2981 1327 3341 1418 episcopa-

558 1455 712 1514 tum
750 1443 1307 1517 coventrensem
1344 1453 1417 1514 et
1448 1441 2018 1515 Lichfeldensem
2051 1443 2345 1514 transiit
2393 1463 2584 1514 anno
2634 1458 2981 1536 Dcnxlx.
3032 1441 3339 1532 denique

551 1557 731 1631 obiit
761 1581 878 1630 an.
915 1574 1260 1630 Dchxl.
1295 1560 1620 1650 sepultus
1659 1555 2113 1630 Lichfeldiae.
2191 1557 2283 1630 In
2315 1565 2726 1630 sanctorum
2751 1577 3133 1628 numerum
3157 1557 3335 1626 rela-

553 1685 671 1746 tus
695 1675 958 1746 colitur
982 1673 1099 1743 die
1125 1690 1214 1744 11.
1243 1673 1520 1744 Martii.
1569 1672 1842 1746 Molan.
1864 1672 2240 1744 Addition.
2267 1671 2609 1744 Usuardi.
2656 1670 2906 1743 Vitam
2927 1670 3085 1764 ejus
3110 1669 3332 1761 scrip-

547 1791 647 1861 sit
687 1787 948 1860 Daniel
987 1787 1358 1880 episcopus
1402 1786 1778 1861 Ventanus
1812 1789 1928 1860 vel
1959 1787 2476 1871 VintoniensiS,
2512 1787 2640 1880 qui
2674 1786 2856 1859 obiit
2887 1806 3077 1856 anno
3110 1786 3325 1855 salut.

550 1920 938 1975 Dcchvl.

1429 2135 1504 2206 S.
1556 2133 2094 2208 CHILLENU
2091 2131 2166 2206 S.
2268 2137 2439 2207 231.

543 2367 670 2437 Dr:
729 2367 804 2439 S.
865 2367 1192 2439 Chilleno
1243 2365 1573 2438 meminit
1627 2364 1679 2436 J
1679 2389 1838 2439 oan.
1901 2363 2314 2438 Aventinus
2363 2364 2555 2458 apud
2604 2362 3169 2447 Genebrardum,
3228 2364 3327 2434 ci-

541 2491 744 2555 tante
825 2483 1162 2555 Ferreolo
1242 2481 1504 2554 Locrio
1601 2481 1869 2554 Chron.
1973 2479 2250 2576 Belgici
2346 2503 2515 2576 pag.
2600 2496 2677 2550 1..
2778 2477 3320 2574 chronograph.

543 2597 903 2670 Gamerae.
971 2619 1372 2690 anonymus
1438 2605 1690 2670 auctor
1743 2597 1824 2668 in
1878 2595 2057 2668 Vita
2121 2595 2197 2667 S.
2266 2595 2573 2668 Faronis
2634 2594 2945 2687 episcopi
3002 2594 3350 2666 Meldem-

541 2715 640 2784 sis
693 2714 887 2806 apud
939 2709 1159 2783 Laur.
1217 2709 1514 2782 Surium
1579 2720 1753 2782 tom.
1804 2727 1881 2781 v,
1936 2711 2052 2782 die
2112 2727 2420 2782 xxvnl.
2476 2711 2859 2783 Octobris:
2931 2709 3148 2782 verba
3198 2730 3324 2800 ap·

541 2847 844 2920 ponam:
897 2837 940 2870 “
974 2825 1384 2898 Chillenum
1431 2825 1748 2911 Scotum,
1805 2826 2046 2898 virum
2096 2835 2428 2898 sanctum
2477 2828 2570 2898 ad
2618 2825 3131 2898 Atrebatenses
3164 2825 3319 2916 ipse

537 2945 758 3028 misit,
819 2964 998 3036 quos
1045 2943 1168 3013 ille
1215 2940 1412 3013 fama
1458 2942 1824 3013 doctrinae
1867 2951 1941 3014 et
1983 2941 2385 3013 illustribus
2418 2941 2785 3013 miraculis
2818 2941 2911 3011 ad
2945 2941 3320 3012 Christum

539 3059 924 3131 traduxit.”
1021 3057 1200 3128 Fuit
1247 3078 1421 3152 ergo
1463 3057 1580 3128 hic
1627 3054 2217 3128 Atrebatensium
2265 3060 2652 3149 apostolus.
2755 3055 2845 3127 In
2878 3057 3205 3150 margine
3237 3078 3321 3125 eo

536 3175 672 3246 loci
703 3174 958 3245 Surius
991 3172 1324 3244 observat
1355 3195 1402 3244 a
1431 3171 1860 3265 quibusdam
1891 3171 2189 3244 fratrem
2226 3171 2530 3246 Faronis
2554 3173 2747 3246 hunc
2778 3175 3089 3255 censeri;
3126 3174 3319 3264 quod

537 3291 598 3359 si
631 3289 882 3361 rerum
909 3295 1041 3371 est,
1067 3288 1207 3358 erit
1230 3287 1450 3358 etiam
1482 3287 1556 3358 S.
1594 3285 1785 3361 Faro
1817 3285 2096 3360 Scotus.
2132 3287 2329 3359 Surii
2364 3287 2770 3361 observatio
2804 3299 3166 3360 auctorem
3192 3289 3319 3358 ha-

536 3405 654 3475 bet
719 3403 992 3474 Anton.
1059 3401 1578 3474 Democharem
1645 3403 1722 3473 in
1781 3402 2127 3499 Catalogo
2198 3402 2729 3497 Episcoporum
2776 3402 3313 3507 ‘Meldensium3

537 3518 796 3590 Petrus
854 3518 1200 3612 Catalogo
1245 3517 1369 3588 lib.
1423 3534 1542 3588 lx.
1602 3541 1754 3610 cap.
1808 3535 2068 3588 cxvn.
2129 3519 2506 3590 consentit.
2608 3517 2794 3590 Vide
2848 3515 3311 3590 Vincentium

537 3634 838 3725 Speculo
897 3633 1022 3704 lib.
1081 3647 1333 3702 xx111.
1393 3654 1546 3724 cap.
1604 3649 1742 3703 xv,
1811 3631 2154 3727 Nugatur
2212 3631 2537 3717 Locriu8‚
2598 3642 2881 3704 exerrat
2942 3631 3312 3703 Arnoldus

537 3749 781 3822 Uvion
813 3749 936 3821 lib.
959 3762 1048 3818 'v.
1085 3769 1237 3838 cap.
1277 3764 1351 3818 1..
1427 3747 1677 3842 Pergit
1701 3769 1918 3840 porro
1959 3771 2361 3842 anonymus
2406 3749 2711 3840 scriptor
2750 3749 2919 3818 ille:
2976 3756 3019 3789 ‘⁸
3054 3747 3315 3818 Seden-

536 3875 606 3936 te
639 3865 1068 3957 quandoque
1099 3863 1346 3934 eodem
1382 3862 1709 3934 Chilleno
1742 3863 1834 3932 ad
1883 3885 2205 3934 mensam
2256 3885 2421 3934 cum
2471 3861 2773 3946 Farme,
2822 3865 3158 3955 poculum
3208 3863 3317 3934 vi·

535 3991 768 4052 treum
811 4002 852 4050 e
893 3978 1226 4049 manibus
1277 3979 1654 4070 pincernae
1703 3979 2034 4050 excidens
2067 3978 2508 4050 confractum
2554 3987 2707 4064 est;
2760 4000 3053 4050 cernens
3103 4000 3189 4050 ea
3234 4001 3317 4050 re

534 4096 848 4166 ministri
904 4095 1225 4164 animum
1299 4093 1800 4185 perturbatum
1875 4091 2268 4175 Chillenus,
2336 4095 2759 4185 vultumque
2823 4093 2981 4187 ejus
3046 4096 3316 4185 pallore

535 4209 910 4292 suffusum,
955 4209 1140 4280 clam
1171 4209 1238 4280 ei
1271 4209 1513 4279 innuit
1554 4207 1960 4302 fragmenta
2007 4209 2243 4299 poculi
2290 4208 2431 4300 ipsi
2480 4207 2871 4301 praeberet,
2920 4231 3102 4301 quae
3150 4231 3314 4280 cum

533 4325 934 4419 accepisset,
965 4323 1150 4395 fusis
1181 4325 1274 4395 ad
1307 4319 1708 4395 Dominum
1741 4323 2068 4415 precibus
2099 4345 2235 4416 pro
2264 4323 2689 4418 fragmentis
2721 4325 2959 4416 poculi
3007 4325 3316 4397 redinte-

531 4449 820 4536 gratum
851 4441 1188 4532 poculum
1222 4439 1500 4510 homini
1535 4439 1882 4510 moerenti
1931 4437 2314 4510 restituit.”
2414 4437 2559 4509 Hic
2606 4448 2758 4510 tam
2806 4440 3155 4534 gloriosae
3206 4442 3312 4510 vi-

507 4568 642 4658 'tae
695 4563 984 4626 sanctus
1033 4555 1114 4625 in
1168 4553 1694 4648 Martyrologio
1743 4553 2074 4624 Romano
2125 4554 2360 4625 locum
2408 4576 2556 4626 non
2603 4553 2839 4625 habet.
2924 4555 2994 4624 O
3026 4557 3312 4626 calami-

529 4680 746 4744 tatem
807 4678 1032 4754 tum,
1091 4667 1376 4742 Scotia!
1477 4669 1546 4740 O
1612 4669 2054 4764 negligentes
2111 4676 2521 4739 nostrarum
2576 4691 2817 4740 rerum
2884 4671 3305 4760 scriptores!

529 4783 650 4856 An
699 4782 973 4876 aliquid
1021 4785 1411 4878 scripserit,
1461 4806 1609 4856 non
1659 4784 1914 4877 reperi.
2017 4791 2063 4826 ‘⁶
2096 4782 2513 4876 Discipulus
2561 4783 2703 4854 fuit
2757 4783 2830 4855 S.
2885 4783 3307 4860 columbani
