4384 5817
1224 519 1582 596 GEN'ns
1628 521 2190 606 sco‘rostm,
2238 505 2583 592 L113.11.'
2758 561 2769 572 ·
3086 513 3093 520 ·
3212 524 3301 597 89

583 715 1030 810 Martyrium
1055 709 1310 808 passus
1331 725 1441 788 est
1467 715 1586 788 die
1611 711 1921 788 xxvml
1956 713 2139 786 Maii
2167 736 2359 788 anno
2382 713 2639 788 salutis
2666 727 3031 786 Momm.
3059 737 3106 788 a
3128 737 3296 810 rege

489 833 835 904 Franciac
866 829 1296 926 Miropiensi
1341 831 1756 925 episcopatu
1775 827 2128 903 ¹donatus.
2164 855 2172 862 ·
2232 829 2545 930 Sanguis
2589 827 2800 904 occisi
2846 851 2889 902 e
2931 830 3292 925 lapidibus

488 949 839 1020 fenestrae
871 946 1016 1020 elui
1048 947 1408 1044 delerique
1441 946 1720 1042 nequit.
3170 953 3179 960 ’
3294 953 3301 960 “

1339 1176 1416 1248 S.
1468 1173 2164 1250 BARBANTIUS.
2271 1179 2437 1248 155.

492 1410 566 1480 S.
599 1408 1148 1480 BARBANTms
1181 1406 1459 1492 Scotus,
1493 1407 1570 1480 S.
1604 1405 2020 1480 Maxentiae
2065 1406 2443 1480 Scotorum
2487 1407 2681 1506 regis
2728 1407 2915 1481 filiae
2958 1409 3293 1492 feminus,
3348 1421 3359 1432 ⁰

492 1546 654 1596 cum
685 1527 806 1607 ea,
825 1523 1261 1616 pertinacem
1293 1521 1646 1596 castitatis
1677 1543 1994 1595 amorem
2027 1525 2380 1616 amplexa,
2424 1525 2665 1616 patria
2707 1545 3059 1620 egressus,
3102 1524 3298 1596 labo-

493 1663 656 1712 rum
687 1661 777 1712 ac
805 1640 1138 1735 martyrii
1183 1640 1562 1734 particeps,
1611 1647 1698 1711 ut
1738 1638 1864 1711 lib.
1900 1655 2054 1712 ΧΠ.
2101 1638 2297 1712 infra
2338 1639 2477 1712 hoc
2520 1661 2735 1733 opere
2780 1649 3057 1735 agetur,
3104 1649 3179 1712 et
3210 1641 3299 1711 de

495 1779 576 1828 eo
599 1755 1130 1828 Bellovaccnsis
1163 1755 1494 1830 ecclesiae
1523 1763 1708 1840 acta,
1745 1762 1821 1828 et
1857 1753 2226 1828 Robertus
2260 1751 2729 1828 Bucklandus
2763 1757 2842 1828 in
2868 1753 3101 1826 Claris
3134 1753 3304 1826 Mu·

491 1871 860 2059 hesszsu‘ssus
923 1943 1090 2058 cum
1156 1985 1448 2059 domina
1509 2007 1644 2058 sua
1707 1985 1787 2058 in
1846 1983 2177 2058 Picardia
2233 1984 2349 2056 die
2416 2003 2653 2058 xxw.
2716 1985 3049 2059 Octobris
3110 2007 3301 2060 anno

495 2117 765 2176 Dccxc
773 2119 861 2174 ιι.

1421 2303 1498 2375 S.
1549 2299 2093 2376 BARVITUS.
2206 2297 2371 2375 156.

493 2451 567 2521 S.
617 2451 1076 2536 Banna-us,
1122 2449 1484 2526 confessor
1531 2451 1862 2536 eximius,
1911 2453 2120 2548 cujus
2163 2465 2241 2527 et
2282 2451 2717 2524 sanctissimi
2762 2451 2901 2522 viri
2948 2451 3031 2542 in
3072 2449 3299 2522 Scoti-

499 2567 843 2638 chronico·
863 2568 1156 2651 mentio,
1190 2563 1266 2638 S.
1300 2566 1672 2640 Brandani
1705 2565 2124 2662 discipulus,
2158 2565 2483 2640 omnium
2522 2565 2867 2638 itinerum
2911 2585 3167 2648 comes,
3216 2586 3301 2635 ac

497 2683 784 2754 demum
816 2682 1220 2756 sanctitatis
1251 2683 1632 2780 particeps.
1701 2681 1752 2754 J
1753 2705 1821 2756 o.
1856 2680 2363 2778 capgravius.'
2410 2679 2519 2754 Ut
2550 2679 2624 2752 S.
2661 2678 3133 2751 Brandanum
3164 2677 3298 2750 hoc

497 2798 740 2868 eodem
775 2798 1138 2871 volumine
1169 2797 1468 2891 probavi
1503 2798 1798 2873 Scotum
1842 2819 2019 2882 esse,
2063 2798 2170 2870 ita
2213 2797 2408 2870 hunc
2451 2795 2699 2870 eadem
2747 2795 3026 2869 ratione
3073 2793 3315 2888 liquet·

499 2912 774 2984 Scotiae
804 2913 1224 3008 adjudicari.
1327 2913 1652 3008 Scripsit,
1686 2916 2036 3010 magistro
2067 2913 2478 3008 superstite,

793 3027 908 3100 De
939 3029 1311 3102 Brandani
1341 3029 1590 3104 Rebus
2287 3029 2411 3102 lib.
2453 3050 2503 3100 1.

589 3144 878 3218 Floruit
909 3137 1102 3218 anno'
1133 3159 1480 3218 Dchm.
1532 3145 1816 3220 Colitur
1846 3147 1967 3220 die
2003 3164 2078 3218 v.
2112 3144 2473 3264 Japuarii.

1443 3375 1521 3448 S.
1575 3374 2082 3450 BARREAS.
2187 3382 2353 3457 157.

499 3608 570 3678 S.
605 3608 1020 3692 Banasam,
1067 3631 1160 3682 ex
1201 3606 1695 3682 archidiacono
1742 3607 2235 3682 Dunkeldensi
2282 3621 2561 3682 creatus
2609 3607 2981 3680 Mon-aviae
3026 3609 3293 3700 episco-

499 3747 654 3814 pus,
697 3722 1168 3808 sanctissimis
1211 3722 1548 3818 operibus
1581 3727 1857 3816 plenus,
1909 3724 2297 3798 acerrimus
2340 3723 2873 3816 Scripturarum
2916 3732 3291 3796 scrutator.

500 3837 906 3910 Alexander
937 3839 1192 3912 Millus
1225 3839 1304 3912 in
1349 3837 1682 3912 Historia
1715 3837 2245 3912 Dunkeldensis
2278 3837 2662 3912 Ecclesiae.
2766 3837 3069 3931 Scripsit

791 3953 1300 4028 Meditationes
2226 3939 2235 3948 ’
2282 3954 2405 4026 lib.
2445 3971 2497 4026 1.
2690 4019 2693 4024 .

587 4069 855 4142 Annus
903 4071 1222 4144 incertus
1265 4082 1396 4145 est.
1496 4071 1780 4146 Colitur
1825 4087 2075 4144 xxm.
2123 4065 2468 4166 Augusti,
2514 4079 2589 4142 et
2622 4087 2863 4140 xxw.
2898 4065 3294 4162 Septembr.

499 4186 1102 4284 Martyrologium
1164 4186 1729 4263 Carthusianum
1785 4185 2054 4258 Adami
2129 4183 2583 4258 WValassaris.
2710 4184 2902 4256 Acta
2968 4185 3297 4256 ecclesiae

497 4299 996 4374 Moraviensis.

1387 4501 1457 4574 s
1508 4451 2136 4577 mmm-nus
2222 4467 2425 4575 158.-

501 4653 570 4722 S.
607 4650 1110 4722 BARJN'ruus
1143 4650 1526 4738 confessor,
1573 4651 1764 4724 filius
1809 4649 2057 4734 Mooh,
2105 4661 2178 4724 et
2223 4651 2301 4725 in
2332 4648 2587 4724 'Scotia
2635 4649 2977 4744 magister
3022 4667 3104 4716 ac
3135 4645 3296 4715 doc·-

499 4775 612 4837 tor
643 4761 720 4837 S.
759 4763 1156 4851 Brandani,
1189 4776 1286 4852 et,
1320 4777 1407 4840 ut
1437 4776 1638 4860 puto,
1671 4765 1911 4849 abbas,
1945 4768 2234 4860 scripsit
2326 4833 2333 4838 .

1867 4897 1928 4952 N
