<?xml version="1.0" encoding="UTF-8"?>
<!DOCTYPE html PUBLIC "-//W3C//DTD XHTML 1.0 Transitional//EN"
    "http://www.w3.org/TR/xhtml1/DTD/xhtml1-transitional.dtd">
<html xmlns="http://www.w3.org/1999/xhtml" xml:lang="en" lang="en">
 <head>
  <title>
</title>
<meta http-equiv="Content-Type" content="text/html;charset=utf-8" />
  <meta name='ocr-system' content='tesseract 3.04.00' />
  <meta name='ocr-capabilities' content='ocr_page ocr_carea ocr_par ocr_line ocrx_word'/>
</head>
<body>
  <div class='ocr_page' id='page_1' title='image "./thomaedempsteri00unkngoog_0398.png"; bbox 0 0 4384 5817; ppageno 0'>
   <div class='ocr_carea' id='block_1_1' title="bbox 1454 599 3557 696">
    <p class='ocr_par' dir='ltr' id='par_1_1' title="bbox 1454 599 3557 696">
     <span class='ocr_line' id='line_1_1' title="bbox 1454 599 3557 696; baseline -0.015 0"><span class='ocrx_word' id='word_1_1' title='bbox 1454 619 1815 696; x_wconf 82' lang='lat' dir='ltr'><strong>GENTIS</strong></span> <span class='ocrx_word' id='word_1_2' title='bbox 1860 609 2424 696; x_wconf 84' lang='lat' dir='ltr'><strong>SCOTORUM,</strong></span> <span class='ocrx_word' id='word_1_3' title='bbox 2466 607 2649 680; x_wconf 88' lang='lat' dir='ltr'><strong>LIB.</strong></span> <span class='ocrx_word' id='word_1_4' title='bbox 2697 605 2859 675; x_wconf 90' lang='lat' dir='ltr'><strong>VII.</strong></span> <span class='ocrx_word' id='word_1_5' title='bbox 2967 659 2970 666; x_wconf 94' lang='lat'><strong>.</strong></span> <span class='ocrx_word' id='word_1_6' title='bbox 3423 599 3557 677; x_wconf 74' lang='lat'><strong>323</strong></span> 
     </span>
    </p>
   </div>
   <div class='ocr_carea' id='block_1_2' title="bbox 848 813 1965 1013">
    <p class='ocr_par' dir='ltr' id='par_1_2' title="bbox 848 813 1965 1013">
     <span class='ocr_line' id='line_1_2' title="bbox 1142 813 1965 913; baseline -0.012 -21"><span class='ocrx_word' id='word_1_7' title='bbox 1142 841 1260 913; x_wconf 89' lang='lat' dir='ltr'><strong>po,</strong></span> <span class='ocrx_word' id='word_1_8' title='bbox 1294 817 1483 890; x_wconf 83' lang='lat' dir='ltr'><strong>falso</strong></span> <span class='ocrx_word' id='word_1_9' title='bbox 1514 813 1965 887; x_wconf 79' lang='lat' dir='ltr'><strong>attribuitur.</strong></span> 
     </span>
     <span class='ocr_line' id='line_1_3' title="bbox 848 938 1832 1013; baseline -0.015 0"><span class='ocrx_word' id='word_1_10' title='bbox 848 938 1136 1013; x_wconf 85' lang='lat' dir='ltr'><strong>Floruit</strong></span> <span class='ocrx_word' id='word_1_11' title='bbox 1168 956 1361 1008; x_wconf 85' lang='lat' dir='ltr'><strong>anno</strong></span> <span class='ocrx_word' id='word_1_12' title='bbox 1396 945 1832 1004; x_wconf 68' lang='lat' dir='ltr'><strong>mcxxvm.</strong></span> 
     </span>
    </p>
   </div>
   <div class='ocr_carea' id='block_1_3' title="bbox 1540 1151 2621 1233">
    <p class='ocr_par' dir='ltr' id='par_1_3' title="bbox 1540 1151 2621 1233">
     <span class='ocr_line' id='line_1_4' title="bbox 1540 1151 2621 1233; baseline -0.007 1"><span class='ocrx_word' id='word_1_13' title='bbox 1540 1189 1546 1196; x_wconf 94' lang='lat'><strong>·</strong></span> <span class='ocrx_word' id='word_1_14' title='bbox 1693 1160 1767 1233; x_wconf 93' lang='lat' dir='ltr'><strong>S.</strong></span> <span class='ocrx_word' id='word_1_15' title='bbox 1819 1155 2194 1233; x_wconf 82' lang='lat' dir='ltr'><strong>GELASI</strong></span> <span class='ocrx_word' id='word_1_16' title='bbox 2203 1153 2348 1230; x_wconf 90' lang='lat' dir='ltr'><strong>US.</strong></span> <span class='ocrx_word' id='word_1_17' title='bbox 2451 1151 2621 1228; x_wconf 76' lang='lat'><strong>603.</strong></span> 
     </span>
    </p>
   </div>
   <div class='ocr_carea' id='block_1_4' title="bbox 754 1388 3646 2286">
    <p class='ocr_par' dir='ltr' id='par_1_4' title="bbox 754 1388 3556 1479">
     <span class='ocr_line' id='line_1_5' title="bbox 754 1388 3556 1479; baseline -0.004 -5"><span class='ocrx_word' id='word_1_18' title='bbox 754 1401 830 1474; x_wconf 88' lang='lat' dir='ltr'><strong>S.</strong></span> <span class='ocrx_word' id='word_1_19' title='bbox 868 1399 1287 1472; x_wconf 72' lang='lat' dir='ltr'><strong>GELAsms</strong></span> <span class='ocrx_word' id='word_1_20' title='bbox 1320 1395 1713 1479; x_wconf 87' lang='lat' dir='ltr'><strong>Diaconus,</strong></span> <span class='ocrx_word' id='word_1_21' title='bbox 1747 1391 2128 1466; x_wconf 82' lang='lat' dir='ltr'><strong>sanctitate</strong></span> <span class='ocrx_word' id='word_1_22' title='bbox 2160 1411 2472 1472; x_wconf 86' lang='lat' dir='ltr'><strong>morum,</strong></span> <span class='ocrx_word' id='word_1_23' title='bbox 2522 1395 2597 1460; x_wconf 91' lang='lat' dir='ltr'><strong>et</strong></span> <span class='ocrx_word' id='word_1_24' title='bbox 2628 1388 3032 1460; x_wconf 85' lang='lat' dir='ltr'><strong>eruditione</strong></span> <span class='ocrx_word' id='word_1_25' title='bbox 3065 1391 3323 1474; x_wconf 88' lang='lat' dir='ltr'><strong>clarus,</strong></span> <span class='ocrx_word' id='word_1_26' title='bbox 3375 1404 3556 1463; x_wconf 87' lang='lat' dir='ltr'><strong>stre-</strong></span> 
     </span>
    </p>

    <p class='ocr_par' dir='ltr' id='par_1_5' title="bbox 756 1502 3558 1605">
     <span class='ocr_line' id='line_1_6' title="bbox 756 1502 3558 1605; baseline -0.005 -14"><span class='ocrx_word' id='word_1_27' title='bbox 756 1539 898 1591; x_wconf 91' lang='lat' dir='ltr'><strong>nue</strong></span> <span class='ocrx_word' id='word_1_28' title='bbox 938 1515 1242 1590; x_wconf 84' lang='lat' dir='ltr'><strong>verbum</strong></span> <span class='ocrx_word' id='word_1_29' title='bbox 1274 1512 1576 1586; x_wconf 89' lang='lat' dir='ltr'><strong>Domini</strong></span> <span class='ocrx_word' id='word_1_30' title='bbox 1616 1507 2089 1605; x_wconf 87' lang='lat' dir='ltr'><strong>popularibus</strong></span> <span class='ocrx_word' id='word_1_31' title='bbox 2138 1505 2292 1578; x_wconf 87' lang='lat' dir='ltr'><strong>suis</strong></span> <span class='ocrx_word' id='word_1_32' title='bbox 2341 1502 2820 1599; x_wconf 86' lang='lat' dir='ltr'><strong>praedicabat,</strong></span> <span class='ocrx_word' id='word_1_33' title='bbox 2875 1524 3040 1574; x_wconf 88' lang='lat' dir='ltr'><strong>cum</strong></span> <span class='ocrx_word' id='word_1_34' title='bbox 3088 1504 3434 1599; x_wconf 81' lang='lat' dir='ltr'><strong>reliquiae</strong></span> <span class='ocrx_word' id='word_1_35' title='bbox 3483 1505 3558 1578; x_wconf 89' lang='lat' dir='ltr'><strong>S.</strong></span> 
     </span>
    </p>

    <p class='ocr_par' dir='ltr' id='par_1_6' title="bbox 757 1617 3560 1725">
     <span class='ocr_line' id='line_1_7' title="bbox 757 1617 3560 1725; baseline -0.004 -19"><span class='ocrx_word' id='word_1_36' title='bbox 757 1632 1095 1706; x_wconf 80' lang='lat' dir='ltr'><strong>Andreae</strong></span> <span class='ocrx_word' id='word_1_37' title='bbox 1128 1631 1437 1725; x_wconf 82' lang='lat' dir='ltr'><strong>apostoli</strong></span> <span class='ocrx_word' id='word_1_38' title='bbox 1468 1629 1551 1700; x_wconf 89' lang='lat' dir='ltr'><strong>in</strong></span> <span class='ocrx_word' id='word_1_39' title='bbox 1584 1625 1923 1709; x_wconf 89' lang='lat' dir='ltr'><strong>Scotiam,</strong></span> <span class='ocrx_word' id='word_1_40' title='bbox 1956 1633 2119 1696; x_wconf 90' lang='lat' dir='ltr'><strong>tum</strong></span> <span class='ocrx_word' id='word_1_41' title='bbox 2151 1620 2654 1704; x_wconf 87' lang='lat' dir='ltr'><strong>Pictlandiam,</strong></span> <span class='ocrx_word' id='word_1_42' title='bbox 2704 1618 2798 1691; x_wconf 93' lang='lat' dir='ltr'><strong>ab</strong></span> <span class='ocrx_word' id='word_1_43' title='bbox 2836 1617 2912 1690; x_wconf 90' lang='lat' dir='ltr'><strong>S.</strong></span> <span class='ocrx_word' id='word_1_44' title='bbox 2948 1619 3234 1715; x_wconf 87' lang='lat' dir='ltr'><strong>Regulo</strong></span> <span class='ocrx_word' id='word_1_45' title='bbox 3285 1623 3560 1695; x_wconf 79' lang='lat' dir='ltr'><strong>delatae</strong></span> 
     </span>
    </p>

    <p class='ocr_par' dir='ltr' id='par_1_7' title="bbox 757 1747 3641 1840">
     <span class='ocr_line' id='line_1_8' title="bbox 757 1747 3641 1840; baseline -0.008 -18"><span class='ocrx_word' id='word_1_46' title='bbox 757 1759 953 1822; x_wconf 87' lang='lat' dir='ltr'><strong>sunt.</strong></span> <span class='ocrx_word' id='word_1_47' title='bbox 1056 1747 1345 1840; x_wconf 84' lang='lat' dir='ltr'><strong>Scripta</strong></span> <span class='ocrx_word' id='word_1_48' title='bbox 1374 1766 1523 1817; x_wconf 90' lang='lat' dir='ltr'><strong>non</strong></span> <span class='ocrx_word' id='word_1_49' title='bbox 1554 1752 1830 1827; x_wconf 82' lang='lat' dir='ltr'><strong>extant,</strong></span> <span class='ocrx_word' id='word_1_50' title='bbox 1866 1750 2153 1834; x_wconf 83' lang='lat' dir='ltr'><strong>praeter</strong></span> <span class='ocrx_word' id='word_1_51' title='bbox 3633 1822 3641 1830; x_wconf 31' lang='lat'><strong>·</strong></span> 
     </span>
    </p>

    <p class='ocr_par' dir='ltr' id='par_1_8' title="bbox 1055 1853 3646 1953">
     <span class='ocr_line' id='line_1_9' title="bbox 1055 1853 3646 1953; baseline -0.002 -19"><span class='ocrx_word' id='word_1_52' title='bbox 1055 1862 1457 1936; x_wconf 87' lang='lat' dir='ltr'><strong>Homiliam</strong></span> <span class='ocrx_word' id='word_1_53' title='bbox 1492 1862 1581 1932; x_wconf 91' lang='lat' dir='ltr'><strong>de</strong></span> <span class='ocrx_word' id='word_1_54' title='bbox 1614 1857 2024 1930; x_wconf 84' lang='lat' dir='ltr'><strong>Nativitate</strong></span> <span class='ocrx_word' id='word_1_55' title='bbox 2056 1854 2332 1928; x_wconf 79' lang='lat' dir='ltr'><strong>Christi</strong></span> <span class='ocrx_word' id='word_1_56' title='bbox 2729 1853 2855 1927; x_wconf 89' lang='lat' dir='ltr'><strong>lib.</strong></span> <span class='ocrx_word' id='word_1_57' title='bbox 2894 1874 2946 1929; x_wconf 89' lang='lat'><strong>1.</strong></span> <span class='ocrx_word' id='word_1_58' title='bbox 2983 1856 3194 1953; x_wconf 85' lang='lat' dir='ltr'><strong>cujus</strong></span> <span class='ocrx_word' id='word_1_59' title='bbox 3229 1858 3563 1930; x_wconf 89' lang='lat' dir='ltr'><strong>meminit</strong></span> <span class='ocrx_word' id='word_1_60' title='bbox 3636 1887 3646 1899; x_wconf 90' lang='lat'><strong>·</strong></span> 
     </span>
    </p>

    <p class='ocr_par' dir='ltr' id='par_1_9' title="bbox 1154 1971 2567 2050">
     <span class='ocr_line' id='line_1_10' title="bbox 1154 1971 2567 2050; baseline -0.008 0"><span class='ocrx_word' id='word_1_61' title='bbox 1154 1977 1478 2050; x_wconf 86' lang='lat' dir='ltr'><strong>Fordun.</strong></span> <span class='ocrx_word' id='word_1_62' title='bbox 1512 1976 1639 2049; x_wconf 89' lang='lat' dir='ltr'><strong>lib.</strong></span> <span class='ocrx_word' id='word_1_63' title='bbox 1678 1993 1767 2046; x_wconf 89' lang='lat'><strong>11.</strong></span> <span class='ocrx_word' id='word_1_64' title='bbox 1805 1973 2005 2046; x_wconf 88' lang='lat' dir='ltr'><strong>Hist.</strong></span> <span class='ocrx_word' id='word_1_65' title='bbox 2042 1971 2235 2043; x_wconf 89' lang='lat' dir='ltr'><strong>Scot.</strong></span> <span class='ocrx_word' id='word_1_66' title='bbox 2559 1985 2567 1992; x_wconf 88' lang='lat'><strong>·</strong></span> 
     </span>
    </p>

    <p class='ocr_par' dir='ltr' id='par_1_10' title="bbox 855 2085 3558 2188">
     <span class='ocr_line' id='line_1_11' title="bbox 855 2085 3558 2188; baseline -0.003 -19"><span class='ocrx_word' id='word_1_67' title='bbox 855 2094 1197 2169; x_wconf 84' lang='lat' dir='ltr'><strong>Florebat</strong></span> <span class='ocrx_word' id='word_1_68' title='bbox 1228 2114 1421 2165; x_wconf 90' lang='lat' dir='ltr'><strong>anno</strong></span> <span class='ocrx_word' id='word_1_69' title='bbox 1457 2108 1849 2166; x_wconf 71' lang='lat' dir='ltr'><strong>cccnxnt.</strong></span> <span class='ocrx_word' id='word_1_70' title='bbox 1936 2088 2149 2162; x_wconf 89' lang='lat' dir='ltr'><strong>Hect.</strong></span> <span class='ocrx_word' id='word_1_71' title='bbox 2186 2085 2542 2161; x_wconf 85' lang='lat' dir='ltr'><strong>Boethius</strong></span> <span class='ocrx_word' id='word_1_72' title='bbox 2566 2086 2692 2161; x_wconf 85' lang='lat' dir='ltr'><strong>lib.</strong></span> <span class='ocrx_word' id='word_1_73' title='bbox 2721 2106 2832 2160; x_wconf 85' lang='lat' dir='ltr'><strong>v1.</strong></span> <span class='ocrx_word' id='word_1_74' title='bbox 2863 2087 3145 2164; x_wconf 88' lang='lat' dir='ltr'><strong>Histor.</strong></span> <span class='ocrx_word' id='word_1_75' title='bbox 3173 2089 3363 2164; x_wconf 87' lang='lat' dir='ltr'><strong>Scot.</strong></span> <span class='ocrx_word' id='word_1_76' title='bbox 3391 2113 3558 2188; x_wconf 85' lang='lat' dir='ltr'><strong>pag.</strong></span> 
     </span>
    </p>

    <p class='ocr_par' dir='ltr' id='par_1_11' title="bbox 756 2233 885 2286">
     <span class='ocr_line' id='line_1_12' title="bbox 756 2233 885 2286; baseline -0.016 0"><span class='ocrx_word' id='word_1_77' title='bbox 756 2233 885 2286; x_wconf 78' lang='lat' dir='ltr'><strong>CV.</strong></span> 
     </span>
    </p>
   </div>
   <div class='ocr_carea' id='block_1_5' title="bbox 1716 2433 2610 2513">
    <p class='ocr_par' dir='ltr' id='par_1_12' title="bbox 1716 2433 2610 2513">
     <span class='ocr_line' id='line_1_13' title="bbox 1716 2433 2610 2513; baseline -0.006 0"><span class='ocrx_word' id='word_1_78' title='bbox 1716 2435 2333 2513; x_wconf 87' lang='lat' dir='ltr'><strong>GILBERTUS.</strong></span> <span class='ocrx_word' id='word_1_79' title='bbox 2437 2433 2610 2510; x_wconf 82' lang='lat'><strong>604.</strong></span> 
     </span>
    </p>
   </div>
   <div class='ocr_carea' id='block_1_6' title="bbox 763 2671 3569 2772">
    <p class='ocr_par' dir='ltr' id='par_1_13' title="bbox 763 2671 3569 2772">
     <span class='ocr_line' id='line_1_14' title="bbox 763 2671 3569 2772; baseline 0 -23"><span class='ocrx_word' id='word_1_80' title='bbox 763 2677 1264 2762; x_wconf 68' lang='lat' dir='ltr'><strong>Gannnws,</strong></span> <span class='ocrx_word' id='word_1_81' title='bbox 1304 2682 1779 2772; x_wconf 80' lang='lat' dir='ltr'><strong>cognomento</strong></span> <span class='ocrx_word' id='word_1_82' title='bbox 1828 2672 2397 2768; x_wconf 67' lang='lat' dir='ltr'><strong>chartophylaX,</strong></span> <span class='ocrx_word' id='word_1_83' title='bbox 2441 2671 2916 2746; x_wconf 88' lang='lat' dir='ltr'><strong>Cathanesiae</strong></span> <span class='ocrx_word' id='word_1_84' title='bbox 2963 2674 3361 2769; x_wconf 86' lang='lat' dir='ltr'><strong>episcopus,</strong></span> <span class='ocrx_word' id='word_1_85' title='bbox 3413 2698 3569 2749; x_wconf 87' lang='lat' dir='ltr'><strong>suc-</strong></span> 
     </span>
    </p>
   </div>
   <div class='ocr_carea' id='block_1_7' title="bbox 744 2788 3570 2887">
    <p class='ocr_par' dir='ltr' id='par_1_14' title="bbox 744 2788 3570 2887">
     <span class='ocr_line' id='line_1_15' title="bbox 744 2788 3570 2887; baseline 0 -21"><span class='ocrx_word' id='word_1_86' title='bbox 744 2801 997 2867; x_wconf 82' lang='lat' dir='ltr'><strong>cessor</strong></span> <span class='ocrx_word' id='word_1_87' title='bbox 1051 2790 1346 2878; x_wconf 87' lang='lat' dir='ltr'><strong>Adami,</strong></span> <span class='ocrx_word' id='word_1_88' title='bbox 1399 2812 1638 2886; x_wconf 87' lang='lat' dir='ltr'><strong>quem,</strong></span> <span class='ocrx_word' id='word_1_89' title='bbox 1699 2789 1825 2862; x_wconf 89' lang='lat' dir='ltr'><strong>lib.</strong></span> <span class='ocrx_word' id='word_1_90' title='bbox 1882 2807 1935 2861; x_wconf 91' lang='lat'><strong>1.</strong></span> <span class='ocrx_word' id='word_1_91' title='bbox 2004 2788 2143 2860; x_wconf 88' lang='lat' dir='ltr'><strong>hoc</strong></span> <span class='ocrx_word' id='word_1_92' title='bbox 2199 2811 2414 2882; x_wconf 88' lang='lat' dir='ltr'><strong>opere</strong></span> <span class='ocrx_word' id='word_1_93' title='bbox 2471 2809 2714 2882; x_wconf 88' lang='lat' dir='ltr'><strong>supra,</strong></span> <span class='ocrx_word' id='word_1_94' title='bbox 2773 2790 2995 2883; x_wconf 89' lang='lat' dir='ltr'><strong>impie</strong></span> <span class='ocrx_word' id='word_1_95' title='bbox 3043 2790 3570 2887; x_wconf 84' lang='lat' dir='ltr'><strong>crudeliterque</strong></span> 
     </span>
    </p>
   </div>
   <div class='ocr_carea' id='block_1_8' title="bbox 761 2905 3577 4166">
    <p class='ocr_par' dir='ltr' id='par_1_15' title="bbox 761 2905 3572 3698">
     <span class='ocr_line' id='line_1_16' title="bbox 761 2905 3571 3005; baseline 0.001 -24"><span class='ocrx_word' id='word_1_96' title='bbox 761 2918 1093 2982; x_wconf 89' lang='lat' dir='ltr'><strong>necatum</strong></span> <span class='ocrx_word' id='word_1_97' title='bbox 1143 2931 1188 2980; x_wconf 91' lang='lat' dir='ltr'><strong>a</strong></span> <span class='ocrx_word' id='word_1_98' title='bbox 1236 2908 1514 2981; x_wconf 86' lang='lat' dir='ltr'><strong>civibus</strong></span> <span class='ocrx_word' id='word_1_99' title='bbox 1563 2906 1872 3002; x_wconf 87' lang='lat' dir='ltr'><strong>ingratis</strong></span> <span class='ocrx_word' id='word_1_100' title='bbox 1923 2905 2414 2990; x_wconf 82' lang='lat' dir='ltr'><strong>ostendimus3</strong></span> <span class='ocrx_word' id='word_1_101' title='bbox 2475 2905 2594 2977; x_wconf 84' lang='lat' dir='ltr'><strong>vir</strong></span> <span class='ocrx_word' id='word_1_102' title='bbox 2641 2927 2908 3004; x_wconf 86' lang='lat' dir='ltr'><strong>magna</strong></span> <span class='ocrx_word' id='word_1_103' title='bbox 2955 2907 3150 3000; x_wconf 90' lang='lat' dir='ltr'><strong>apud</strong></span> <span class='ocrx_word' id='word_1_104' title='bbox 3197 2929 3444 3005; x_wconf 86' lang='lat' dir='ltr'><strong>regem</strong></span> <span class='ocrx_word' id='word_1_105' title='bbox 3493 2920 3571 2983; x_wconf 90' lang='lat' dir='ltr'><strong>et</strong></span> 
     </span>
     <span class='ocr_line' id='line_1_17' title="bbox 762 3020 3568 3118; baseline 0.001 -22"><span class='ocrx_word' id='word_1_106' title='bbox 762 3027 1031 3097; x_wconf 88' lang='lat' dir='ltr'><strong>clerum</strong></span> <span class='ocrx_word' id='word_1_107' title='bbox 1090 3025 1517 3096; x_wconf 83' lang='lat' dir='ltr'><strong>universum</strong></span> <span class='ocrx_word' id='word_1_108' title='bbox 1576 3023 2027 3109; x_wconf 89' lang='lat' dir='ltr'><strong>auctoritate,</strong></span> <span class='ocrx_word' id='word_1_109' title='bbox 2094 3020 2189 3094; x_wconf 91' lang='lat' dir='ltr'><strong>ob</strong></span> <span class='ocrx_word' id='word_1_110' title='bbox 2249 3021 2653 3118; x_wconf 79' lang='lat' dir='ltr'><strong>singulares</strong></span> <span class='ocrx_word' id='word_1_111' title='bbox 2711 3023 2939 3094; x_wconf 77' lang='lat' dir='ltr'><strong>&#39;animi</strong></span> <span class='ocrx_word' id='word_1_112' title='bbox 2997 3025 3222 3109; x_wconf 85' lang='lat' dir='ltr'><strong>dotes,</strong></span> <span class='ocrx_word' id='word_1_113' title='bbox 3281 3048 3568 3098; x_wconf 90' lang='lat' dir='ltr'><strong>morum</strong></span> 
     </span>
     <span class='ocr_line' id='line_1_18' title="bbox 763 3136 3572 3236; baseline 0.001 -24"><span class='ocrx_word' id='word_1_114' title='bbox 763 3141 1303 3225; x_wconf 84' lang='lat' dir='ltr'><strong>continentiam,</strong></span> <span class='ocrx_word' id='word_1_115' title='bbox 1348 3150 1423 3212; x_wconf 89' lang='lat' dir='ltr'><strong>et</strong></span> <span class='ocrx_word' id='word_1_116' title='bbox 1454 3161 1601 3211; x_wconf 85' lang='lat' dir='ltr'><strong>nou</strong></span> <span class='ocrx_word' id='word_1_117' title='bbox 1636 3140 2009 3234; x_wconf 84' lang='lat' dir='ltr'><strong>vulgarem</strong></span> <span class='ocrx_word' id='word_1_118' title='bbox 2044 3138 2122 3209; x_wconf 91' lang='lat' dir='ltr'><strong>in</strong></span> <span class='ocrx_word' id='word_1_119' title='bbox 2155 3136 2371 3209; x_wconf 87' lang='lat' dir='ltr'><strong>rebus</strong></span> <span class='ocrx_word' id='word_1_120' title='bbox 2405 3139 2627 3210; x_wconf 88' lang='lat' dir='ltr'><strong>sacris</strong></span> <span class='ocrx_word' id='word_1_121' title='bbox 2661 3139 3160 3211; x_wconf 88' lang='lat' dir='ltr'><strong>eruditionem.</strong></span> <span class='ocrx_word' id='word_1_122' title='bbox 3264 3139 3572 3236; x_wconf 86' lang='lat' dir='ltr'><strong>Scripsit</strong></span> 
     </span>
     <span class='ocr_line' id='line_1_19' title="bbox 1060 3252 3572 3350; baseline 0.004 -25"><span class='ocrx_word' id='word_1_123' title='bbox 1060 3252 1572 3329; x_wconf 87' lang='lat' dir='ltr'><strong>Collectionem</strong></span> <span class='ocrx_word' id='word_1_124' title='bbox 1613 3253 2172 3349; x_wconf 86' lang='lat' dir='ltr'><strong>Privilegiorum</strong></span> <span class='ocrx_word' id='word_1_125' title='bbox 2211 3253 2450 3350; x_wconf 84' lang='lat' dir='ltr'><strong>Regni</strong></span> <span class='ocrx_word' id='word_1_126' title='bbox 2485 3253 2764 3326; x_wconf 89' lang='lat' dir='ltr'><strong>Scotiae</strong></span> <span class='ocrx_word' id='word_1_127' title='bbox 2929 3255 3055 3328; x_wconf 92' lang='lat' dir='ltr'><strong>lib.</strong></span> <span class='ocrx_word' id='word_1_128' title='bbox 3095 3273 3147 3327; x_wconf 90' lang='lat'><strong>1.</strong></span> <span class='ocrx_word' id='word_1_129' title='bbox 3183 3279 3368 3349; x_wconf 90' lang='lat' dir='ltr'><strong>quae</strong></span> <span class='ocrx_word' id='word_1_130' title='bbox 3400 3258 3572 3335; x_wconf 84' lang='lat' dir='ltr'><strong>Ale-</strong></span> 
     </span>
     <span class='ocr_line' id='line_1_20' title="bbox 1162 3369 3572 3467; baseline 0.003 -25"><span class='ocrx_word' id='word_1_131' title='bbox 1162 3373 1441 3444; x_wconf 84' lang='lat' dir='ltr'><strong>xandro</strong></span> <span class='ocrx_word' id='word_1_132' title='bbox 1503 3371 1604 3444; x_wconf 92' lang='lat'><strong>11.</strong></span> <span class='ocrx_word' id='word_1_133' title='bbox 1680 3370 1836 3464; x_wconf 89' lang='lat' dir='ltr'><strong>regi</strong></span> <span class='ocrx_word' id='word_1_134' title='bbox 1894 3379 2388 3448; x_wconf 84' lang='lat' dir='ltr'><strong>concesserant</strong></span> <span class='ocrx_word' id='word_1_135' title='bbox 2444 3370 2751 3462; x_wconf 88' lang='lat' dir='ltr'><strong>piissimi</strong></span> <span class='ocrx_word' id='word_1_136' title='bbox 2819 3369 3132 3444; x_wconf 87' lang='lat' dir='ltr'><strong>Romani</strong></span> <span class='ocrx_word' id='word_1_137' title='bbox 3200 3375 3572 3467; x_wconf 86' lang='lat' dir='ltr'><strong>pontifices</strong></span> 
     </span>
     <span class='ocr_line' id='line_1_21' title="bbox 1161 3483 3566 3580; baseline 0.002 -21"><span class='ocrx_word' id='word_1_138' title='bbox 1161 3485 1609 3559; x_wconf 89' lang='lat' dir='ltr'><strong>Coelestinus</strong></span> <span class='ocrx_word' id='word_1_139' title='bbox 1643 3483 1777 3559; x_wconf 91' lang='lat' dir='ltr'><strong>IV.</strong></span> <span class='ocrx_word' id='word_1_140' title='bbox 1812 3493 1887 3556; x_wconf 90' lang='lat' dir='ltr'><strong>et</strong></span> <span class='ocrx_word' id='word_1_141' title='bbox 1920 3483 2384 3559; x_wconf 85' lang='lat' dir='ltr'><strong>Innocentius</strong></span> <span class='ocrx_word' id='word_1_142' title='bbox 2419 3485 2553 3560; x_wconf 92' lang='lat' dir='ltr'><strong>IV.</strong></span> <span class='ocrx_word' id='word_1_143' title='bbox 2606 3509 2791 3580; x_wconf 90' lang='lat' dir='ltr'><strong>quae</strong></span> <span class='ocrx_word' id='word_1_144' title='bbox 2834 3487 3050 3560; x_wconf 88' lang='lat' dir='ltr'><strong>hodie</strong></span> <span class='ocrx_word' id='word_1_145' title='bbox 3099 3491 3163 3562; x_wconf 92' lang='lat' dir='ltr'><strong>si</strong></span> <span class='ocrx_word' id='word_1_146' title='bbox 3214 3499 3566 3578; x_wconf 84' lang='lat' dir='ltr'><strong>extarent,</strong></span> 
     </span>
     <span class='ocr_line' id='line_1_22' title="bbox 1160 3603 3572 3698; baseline 0.002 -22"><span class='ocrx_word' id='word_1_147' title='bbox 1160 3626 1312 3677; x_wconf 90' lang='lat' dir='ltr'><strong>non</strong></span> <span class='ocrx_word' id='word_1_148' title='bbox 1341 3626 1572 3698; x_wconf 89' lang='lat' dir='ltr'><strong>usque</strong></span> <span class='ocrx_word' id='word_1_149' title='bbox 1604 3605 1783 3675; x_wconf 83' lang='lat' dir='ltr'><strong>adeo</strong></span> <span class='ocrx_word' id='word_1_150' title='bbox 1814 3603 1895 3680; x_wconf 84' lang='lat' dir='ltr'><strong>in</strong></span> <span class='ocrx_word' id='word_1_151' title='bbox 1938 3603 2420 3696; x_wconf 86' lang='lat' dir='ltr'><strong>perquirenda</strong></span> <span class='ocrx_word' id='word_1_152' title='bbox 2461 3605 2739 3697; x_wconf 90' lang='lat' dir='ltr'><strong>patriae</strong></span> <span class='ocrx_word' id='word_1_153' title='bbox 2785 3605 3218 3698; x_wconf 88' lang='lat' dir='ltr'><strong>antiquitate</strong></span> <span class='ocrx_word' id='word_1_154' title='bbox 3267 3611 3572 3682; x_wconf 88' lang='lat' dir='ltr'><strong>caecuti-</strong></span> 
     </span>
    </p>

    <p class='ocr_par' dir='ltr' id='par_1_16' title="bbox 766 3741 3577 4166">
     <span class='ocr_line' id='line_1_23' title="bbox 1158 3741 1427 3793; baseline 0.004 -1"><span class='ocrx_word' id='word_1_155' title='bbox 1158 3741 1427 3793; x_wconf 80' lang='lat' dir='ltr'><strong>remus.</strong></span> 
     </span>
     <span class='ocr_line' id='line_1_24' title="bbox 1062 3834 3577 3933; baseline 0.001 -24"><span class='ocrx_word' id='word_1_156' title='bbox 1062 3835 1396 3910; x_wconf 82' lang='lat' dir='ltr'><strong>canones</strong></span> <span class='ocrx_word' id='word_1_157' title='bbox 1428 3837 1755 3909; x_wconf 90' lang='lat' dir='ltr'><strong>omnium</strong></span> <span class='ocrx_word' id='word_1_158' title='bbox 1792 3835 2075 3909; x_wconf 86' lang='lat' dir='ltr'><strong>Scotiae</strong></span> <span class='ocrx_word' id='word_1_159' title='bbox 2107 3835 2350 3933; x_wconf 85' lang='lat' dir='ltr'><strong>Regni</strong></span> <span class='ocrx_word' id='word_1_160' title='bbox 2383 3834 2872 3910; x_wconf 82' lang='lat' dir='ltr'><strong>Ecclesiamm</strong></span> <span class='ocrx_word' id='word_1_161' title='bbox 3017 3851 3022 3859; x_wconf 82' lang='lat'><em>&#39;</em></span> <span class='ocrx_word' id='word_1_162' title='bbox 3069 3839 3193 3912; x_wconf 91' lang='lat' dir='ltr'><strong>lib.</strong></span> <span class='ocrx_word' id='word_1_163' title='bbox 3233 3859 3287 3912; x_wconf 89' lang='lat'><strong>1.</strong></span> <span class='ocrx_word' id='word_1_164' title='bbox 3571 3905 3577 3912; x_wconf 93' lang='lat'><strong>.</strong></span> 
     </span>
     <span class='ocr_line' id='line_1_25' title="bbox 865 3951 3568 4038; baseline 0.003 -14"><span class='ocrx_word' id='word_1_165' title='bbox 865 3951 1221 4026; x_wconf 74' lang='lat' dir='ltr'><strong>Successit</strong></span> <span class='ocrx_word' id='word_1_166' title='bbox 1254 3952 1633 4026; x_wconf 88' lang='lat' dir='ltr'><strong>interfecto</strong></span> <span class='ocrx_word' id='word_1_167' title='bbox 1665 3951 1896 4038; x_wconf 90' lang='lat' dir='ltr'><strong>Adae,</strong></span> <span class='ocrx_word' id='word_1_168' title='bbox 1946 3975 2075 4024; x_wconf 89' lang='lat' dir='ltr'><strong>seu</strong></span> <span class='ocrx_word' id='word_1_169' title='bbox 2124 3951 2413 4027; x_wconf 91' lang='lat' dir='ltr'><strong>Adamo</strong></span> <span class='ocrx_word' id='word_1_170' title='bbox 2446 3953 2781 4038; x_wconf 85' lang='lat' dir='ltr'><strong>antistiti,</strong></span> <span class='ocrx_word' id='word_1_171' title='bbox 2825 3977 3015 4026; x_wconf 90' lang='lat' dir='ltr'><strong>anno</strong></span> <span class='ocrx_word' id='word_1_172' title='bbox 3051 3971 3362 4028; x_wconf 76' lang='lat' dir='ltr'><strong>MCCLV.</strong></span> <span class='ocrx_word' id='word_1_173' title='bbox 3469 3958 3568 4032; x_wconf 92' lang='lat' dir='ltr'><strong>H.</strong></span> 
     </span>
     <span class='ocr_line' id='line_1_26' title="bbox 766 4067 3576 4166; baseline 0.002 -22"><span class='ocrx_word' id='word_1_174' title='bbox 766 4067 1033 4144; x_wconf 89' lang='lat' dir='ltr'><strong>Boeth.</strong></span> <span class='ocrx_word' id='word_1_175' title='bbox 1076 4069 1203 4141; x_wconf 87' lang='lat' dir='ltr'><strong>lib.</strong></span> <span class='ocrx_word' id='word_1_176' title='bbox 1242 4085 1431 4140; x_wconf 83' lang='lat' dir='ltr'><strong>xm.</strong></span> <span class='ocrx_word' id='word_1_177' title='bbox 1487 4067 1685 4142; x_wconf 87' lang='lat' dir='ltr'><strong>Hist.</strong></span> <span class='ocrx_word' id='word_1_178' title='bbox 1723 4067 1913 4142; x_wconf 85' lang='lat' dir='ltr'><strong>Scot.</strong></span> <span class='ocrx_word' id='word_1_179' title='bbox 1966 4092 2132 4166; x_wconf 82' lang='lat' dir='ltr'><strong>pag.</strong></span> <span class='ocrx_word' id='word_1_180' title='bbox 2172 4087 2646 4142; x_wconf 76' lang='lat' dir='ltr'><strong>ccnxxxm.</strong></span> <span class='ocrx_word' id='word_1_181' title='bbox 2749 4068 3036 4144; x_wconf 88' lang='lat' dir='ltr'><strong>Nomen</strong></span> <span class='ocrx_word' id='word_1_182' title='bbox 3086 4074 3153 4145; x_wconf 88' lang='lat' dir='ltr'><strong>ei</strong></span> <span class='ocrx_word' id='word_1_183' title='bbox 3203 4073 3295 4146; x_wconf 91' lang='lat' dir='ltr'><strong>ab</strong></span> <span class='ocrx_word' id='word_1_184' title='bbox 3345 4073 3576 4150; x_wconf 88' lang='lat' dir='ltr'><strong>officio</strong></span> 
     </span>
    </p>
   </div>
   <div class='ocr_carea' id='block_1_9' title="bbox 767 4183 3576 4394">
    <p class='ocr_par' dir='ltr' id='par_1_17' title="bbox 767 4183 3576 4394">
     <span class='ocr_line' id='line_1_27' title="bbox 772 4183 3576 4284; baseline 0.004 -28"><span class='ocrx_word' id='word_1_185' title='bbox 772 4184 1065 4258; x_wconf 84' lang='lat' dir='ltr'><strong>videtur</strong></span> <span class='ocrx_word' id='word_1_186' title='bbox 1103 4185 1421 4258; x_wconf 87' lang='lat' dir='ltr'><strong>inditum</strong></span> <span class='ocrx_word' id='word_1_187' title='bbox 1470 4183 1983 4278; x_wconf 85' lang='lat' dir='ltr'><strong>Curapalates:</strong></span> <span class='ocrx_word' id='word_1_188' title='bbox 2038 4185 2167 4257; x_wconf 88' lang='lat' dir='ltr'><strong>sed</strong></span> <span class='ocrx_word' id='word_1_189' title='bbox 2216 4184 2570 4284; x_wconf 83' lang='lat' dir='ltr'><strong>Georgius</strong></span> <span class='ocrx_word' id='word_1_190' title='bbox 2618 4185 2938 4258; x_wconf 87' lang='lat' dir='ltr'><strong>Cod&#39;inus</strong></span> <span class='ocrx_word' id='word_1_191' title='bbox 2983 4188 3106 4261; x_wconf 89' lang='lat' dir='ltr'><strong>lib.</strong></span> <span class='ocrx_word' id='word_1_192' title='bbox 3161 4191 3251 4262; x_wconf 89' lang='lat' dir='ltr'><strong>de</strong></span> <span class='ocrx_word' id='word_1_193' title='bbox 3301 4191 3576 4267; x_wconf 88' lang='lat' dir='ltr'><strong>Officiis</strong></span> 
     </span>
     <span class='ocr_line' id='line_1_28' title="bbox 767 4298 3362 4394; baseline 0.002 -24"><span class='ocrx_word' id='word_1_194' title='bbox 767 4299 1007 4372; x_wconf 86' lang='lat' dir='ltr'><strong>Aulae</strong></span> <span class='ocrx_word' id='word_1_195' title='bbox 1042 4298 1883 4394; x_wconf 84' lang='lat' dir='ltr'><strong>Constantinopolitanae</strong></span> <span class='ocrx_word' id='word_1_196' title='bbox 1917 4301 2240 4372; x_wconf 86' lang='lat' dir='ltr'><strong>adeatur.</strong></span> <span class='ocrx_word' id='word_1_197' title='bbox 3355 4303 3362 4312; x_wconf 84' lang='grc'><strong><em>’</em></strong></span> 
     </span>
    </p>
   </div>
   <div class='ocr_carea' id='block_1_10' title="bbox 1401 4530 2942 4612">
    <p class='ocr_par' dir='ltr' id='par_1_18' title="bbox 1401 4530 2942 4612">
     <span class='ocr_line' id='line_1_29' title="bbox 1401 4530 2942 4612; baseline 0.006 -9"><span class='ocrx_word' id='word_1_198' title='bbox 1401 4530 2006 4605; x_wconf 86' lang='lat' dir='ltr'><strong>GULIELMUS</strong></span> <span class='ocrx_word' id='word_1_199' title='bbox 2056 4532 2670 4610; x_wconf 83' lang='lat' dir='ltr'><strong>GREGORIUS.</strong></span> <span class='ocrx_word' id='word_1_200' title='bbox 2773 4537 2942 4612; x_wconf 87' lang='grc'><strong>605.</strong></span> 
     </span>
    </p>
   </div>
   <div class='ocr_carea' id='block_1_11' title="bbox 776 4759 3577 4986">
    <p class='ocr_par' dir='ltr' id='par_1_19' title="bbox 776 4759 3577 4986">
     <span class='ocr_line' id='line_1_30' title="bbox 776 4759 3577 4866; baseline 0.005 -32"><span class='ocrx_word' id='word_1_201' title='bbox 776 4759 1285 4837; x_wconf 73' lang='lat' dir='ltr'><strong>GULIELMUS</strong></span> <span class='ocrx_word' id='word_1_202' title='bbox 1343 4762 1763 4862; x_wconf 77' lang='lat' dir='ltr'><strong>Gregorius,</strong></span> <span class='ocrx_word' id='word_1_203' title='bbox 1824 4789 1989 4840; x_wconf 85' lang='lat' dir='ltr'><strong>cum</strong></span> <span class='ocrx_word' id='word_1_204' title='bbox 2058 4767 2281 4842; x_wconf 89' lang='lat' dir='ltr'><strong>bonas</strong></span> <span class='ocrx_word' id='word_1_205' title='bbox 2340 4780 2530 4844; x_wconf 87' lang='lat' dir='ltr'><strong>artes</strong></span> <span class='ocrx_word' id='word_1_206' title='bbox 2591 4771 2926 4846; x_wconf 88' lang='lat' dir='ltr'><strong>Lutetiae</strong></span> <span class='ocrx_word' id='word_1_207' title='bbox 2991 4775 3354 4848; x_wconf 87' lang='lat' dir='ltr'><strong>didicisset</strong></span> <span class='ocrx_word' id='word_1_208' title='bbox 3381 4861 3388 4866; x_wconf 40' lang='grc'><strong>,</strong></span> <span class='ocrx_word' id='word_1_209' title='bbox 3413 4778 3577 4849; x_wconf 90' lang='lat' dir='ltr'><strong>ado·</strong></span> 
     </span>
     <span class='ocr_line' id='line_1_31' title="bbox 778 4878 3577 4986; baseline 0.005 -35"><span class='ocrx_word' id='word_1_210' title='bbox 778 4880 1072 4965; x_wconf 83' lang='lat' dir='ltr'><strong>lescens,</strong></span> <span class='ocrx_word' id='word_1_211' title='bbox 1123 4901 1164 4952; x_wconf 86' lang='lat' dir='ltr'><strong>e</strong></span> <span class='ocrx_word' id='word_1_212' title='bbox 1213 4878 1538 4980; x_wconf 88' lang='lat' dir='ltr'><strong>Collegio</strong></span> <span class='ocrx_word' id='word_1_213' title='bbox 1596 4881 2071 4958; x_wconf 86' lang='lat' dir='ltr'><strong>Montisacuti</strong></span> <span class='ocrx_word' id='word_1_214' title='bbox 2135 4907 2302 4958; x_wconf 88' lang='lat' dir='ltr'><strong>cum</strong></span> <span class='ocrx_word' id='word_1_215' title='bbox 2365 4889 2657 4986; x_wconf 87' lang='lat' dir='ltr'><strong>collegis</strong></span> <span class='ocrx_word' id='word_1_216' title='bbox 2707 4891 2968 4986; x_wconf 83' lang='lat' dir='ltr'><strong>viginti</strong></span> <span class='ocrx_word' id='word_1_217' title='bbox 3028 4913 3174 4964; x_wconf 89' lang='lat' dir='ltr'><strong>uno</strong></span> <span class='ocrx_word' id='word_1_218' title='bbox 3239 4913 3372 4985; x_wconf 85' lang='lat' dir='ltr'><strong>per</strong></span> <span class='ocrx_word' id='word_1_219' title='bbox 3427 4892 3577 4966; x_wconf 87' lang='lat' dir='ltr'><strong>Lu·</strong></span> 
     </span>
    </p>
   </div>
  </div>
 </body>
</html>
