4384 5817
1107 479 1234 542 222
1877 487 2343 556 HISTORIA
2388 489 3137 563 EchESIASTch

1711 669 1922 744 Qualis
1949 673 2192 734 Castalii
2218 695 2449 756 praenes
2474 677 2689 757 Apollo
2712 678 2889 738 chori.

1633 763 1834 826 Sermo
1857 778 1982 826 erat
2011 769 2267 830 aetherei
2294 770 2369 830 de
2392 771 2698 850 majestate
2722 773 2999 842 tonantia,

1713 859 1796 919 Ut
1821 861 2028 922 tulerit
2053 873 2283 924 noan-ae
2306 864 2651 924 conditionis
2674 885 2861 937 onus3

1633 951 1720 1012 Ut
1745 973 1936 1034 neque
1961 969 2287 1017 concretam
2313 959 2511 1018 divina
2534 961 2797 1040 potentia
2822 960 3012 1020 labem

1707 1048 1992 1110 Hauserit
2017 1052 2081 1111 in
2107 1053 2305 1132 fragili
2328 1073 2561 1134 corpore
2584 1065 2741 1115 tecta
2766 1055 3053 1128 hominis,-

1633 1142 1762 1203 Nee
1791 1144 1934 1206 lieet
1957 1145 2022 1204 in
2048 1147 2201 1206 servi
2228 1147 2495 1208 dominns
2520 1149 2883 1210 descenderit
2908 1161 3089 1220 artus,

1707 1239 1993 1299 Naturam
2021 1243 2293 1302 exuerint
2318 1244 2575 1303 membra
2600 1243 2813 1304 euduea
2838 1265 3023 1304 suam.

1625 1333 1910 1414 Quisquis
1935 1335 2118 1408 adeat,
2147 1335 2380 1398 dubitat
2404 1337 2671 1398 seholane
2694 1339 3039 1418 immigrant
3064 1338 3129 1398 in
3152 1340 3366 1412 aulam,

1703 1429 1804 1486 An
1829 1430 2012 1506 magis
2037 1431 2100 1490 in
2125 1430 2377 1492 mediam
2402 1433 2629 1494 venerit
2654 1433 2787 1492 aula
2812 1433 3081 1494 nebulam.

1623 1521 1860 1602 Jupiter
1885 1524 2241 1604 Aethiopum
2270 1527 2531 1588 convivia
2554 1527 2709 1588 solua
2734 1527 2963 1600 habeto,

1705 1617 1870 1678 Dum
1895 1619 2041 1679 mihi
2067 1621 2345 1682 comoedus
2366 1621 2650 1702 plnesulis
2672 1642 2771 1682 ore
2796 1621 2933 1682 frui.

1099 1831 1311 1911 Quod
1341 1835 1786 1923 praeclarum
1819 1845 2008 1907 certe
2053 1836 2545 1908 testimonium
2590 1837 2670 1906 in
2710 1859 2835 1908 ore
2876 1836 3189 1907 hominis
3236 1861 3285 1908 a
3325 1859 3500 1908 vera
3540 1839 3873 1932 religione

1104 1956 1254 2016 tam
1287 1949 1524 2020 alieni.
1627 1949 1816 2044 Ejus
1851 1961 2068 2024 sunt:

1391 2063 1685 2160 Virgilii
1719 2066 1963 2158 Opera
1992 2064 2291 2142 Scoticis
2322 2066 2687 2160 rhythmis
2720 2072 3071 2142 translata
3112 2070 3237 2141 lib.
3276 2089 3329 2140 1.
3376 2071 3563 2140 mira
3610 2069 3863 2162 ingenii

1445 2170 1450 2180 ’
1484 2181 1846 2265 felicitate,
1880 2191 1967 2252 ut
1999 2182 2325 2253 versibus
2373 2205 2623 2255 versus
2668 2187 3198 2276 responderent,
3250 2187 3445 2276 quod
3492 2184 3683 2256 haud
3725 2183 3865 2252 scio

1487 2319 1580 2368 an
1615 2299 2020 2390 exemplum
2055 2298 2319 2368 habeat
2350 2299 2429 2368 in
2461 2303 2915 2392 antiquitate.

1384 2411 1752 2483 Palatium
1787 2413 2108 2484 Honoris
2874 2415 2997 2484 lib.
3036 2432 3089 2484 1.

1381 2524 1668 2597 Aureae
1700 2526 2171 2600 Narrationes
2870 2531 2993 2600 lib.
3034 2548 3087 2600 1.

1383 2641 1808 2712 comoediae
1839 2643 2116 2734 aliquot
2147 2669 2389 2716 sacrae
2870 2646 2994 2717 lib.
3034 2665 3085 2716 1.

1258 2787 1264 2794 ·
1382 2756 1495 2827 De
1527 2757 1770 2828 Rebus
1805 2758 2100 2830 Scoticis
2872 2760 2995 2831 lib.
3034 2779 3086 2830 1.

1185 2831 1576 2943 Extinctus
1629 2882 1740 2944 est
1785 2884 1985 2964 peste
2037 2874 2353 2946 Londini
2400 2887 2795 2970 grassante,
2848 2883 3194 2970 regnante
3243 2873 3293 2942 J
3294 2873 3512 2944 acobo
3544 2871 3635 2944 V.
3684 2891 3861 2940 anno

1093 3005 1402 3058 MDxx1.
1505 2989 1846 3058 Meminit
1878 2987 2219 3060 Leslaeus
2254 2993 2377 3063 lib.
2417 3011 2535 3062 1x.

2008 3220 2084 3292 S.
2134 3220 2663 3292 DICULLUS.
2768 3218 2934 3291 406.

1085 3451 1158 3520 S.
1195 3448 1620 3521 DICULLUS
1653 3450 1771 3521 hic
1801 3453 2019 3542 paulo
2049 3452 2402 3543 posterior
2436 3461 2753 3544 tempore
2784 3453 2927 3521 alio
2958 3452 3047 3521 de
3096 3474 3241 3544 quo
3295 3449 3495 3520 Beda
3544 3447 3699 3516 libr.
3736 3458 3847 3512 111.

1090 3563 1366 3636 Hister.
1403 3563 1815 3636 Ecclesiast.
1853 3565 2066 3637 Gent.
2100 3565 2405 3661 Anglor.
2442 3551 2595 3657 cap.
2632 3584 2939 3637 xxvnl.
2994 3574 3039 3607 “
3072 3565 3255 3636 Erat
3306 3577 3547 3634 autem
3582 3561 3679 3632 ibi
3712 3579 3846 3628 mo·

1085 3681 1354 3750 nachus
1389 3681 1681 3772 quidam
1715 3681 1802 3751 de
1837 3681 2125 3752 natione
2159 3680 2555 3762 Scotorum,
2609 3680 2951 3751 vocabulo
2995 3679 3233 3762 Dicul,
3284 3677 3552 3748 habens
3588 3693 3848 3744 monas-

1083 3797 1414 3866 teriolum
1449 3797 1525 3865 in
1559 3798 1712 3866 loco
1744 3798 1872 3889 qui
1915 3806 2210 3867 vocatur
2252 3795 2685 3877 Bosanham‚
2729 3795 2931 3864 silvis
2978 3804 3051 3864 et
3088 3796 3273 3864 mari
3316 3792 3841 3864 circumdatum,

1085 3911 1267 3981 etin
1299 3935 1383 3981 eo
1425 3910 1685 3981 fratres
1731 3911 2046 4003 quinque
2087 3910 2243 3980 sive
2284 3931 2411 3978 sex
2454 3909 2529 3978 in
2572 3909 2829 3978 humili
2880 3920 2956 3980 et
2998 3931 3309 4001 paupere
3353 3907 3509 3975 vita
3550 3902 3844 3974 Domino

1089 4023 1580 4096 famulantes?
1677 4025 1880 4108 Quae
1915 4026 2133 4096 verba
2163 4025 2381 4095 habet
2412 4023 2667 4094 Surius
2712 4025 2790 4092 in
2841 4022 3019 4095 Vita
3067 4023 3141 4093 S.
3195 4018 3519 4091 wilfridi
3569 4027 3735 4087 tom.
3769 4031 3839 4078 v-

1085 4143 1200 4210 die
1232 4159 1384 4211 ΧΠ.
1421 4140 1711 4213 Octobr.
1797 4141 2203 4211 camdenus
2238 4139 2530 4210 Scotum
2564 4137 2761 4219 facit,
2796 4147 2869 4209 et
2902 4137 3416 4208 monasterium
3452 4137 3636 4204 locat
3668 4131 3841 4201 inter

1083 4255 1349 4325 Sussex
1382 4264 1454 4326 et
1488 4255 2036 4347 Southampton,
2072 4278 2237 4350 pag.
2276 4271 2658 4324 ccxxnx.
2762 4251 3063 4343 Scripsit

1377 4365 1504 4440 Ad
1538 4369 2022 4440 occidentales
2056 4369 2372 4440 Saxones
2404 4367 2967 4438 Exhortationes
3247 4365 3369 4435 lib.
3408 4381 3461 4432 Ι.

1179 4485 1464 4556 Floruit
1495 4507 1684 4556 anno
1718 4501 2188 4556 Dchxx1x.
2290 4483 2631 4554 Sanctum
2668 4491 2879 4574 putat
2922 4481 3209 4550 ecclesia
3260 4477 3560 4558 Seotiea,
3596 4493 3682 4543 ex
3714 4468 3840 4538 Be-

1080 4605 1171 4672 da
1197 4603 1317 4672 lib.
1350 4619 1470 4672 111.
1503 4598 1698 4669 Hist.
1730 4597 1999 4670 Eccles.
2037 4597 2341 4694 Anglor.
2378 4618 2531 4687 cap.
2562 4615 2743 4666 XIX.
2812 4595 3097 4666 Colitur
3128 4610 3245 4662 xl.
3280 4590 3492 4661 Febr.
3534 4607 3585 4658 1.
3620 4579 3827 4656 Junii-

4196 5677 4249 5760 μ-
4246 5581 4248 5662 -
4245 5447 4248 5572 -
