4384 5817
854 577 986 642 324
1642 575 2113 648 HISTORIA
2156 575 2912 646 ECCLESIASTICA

863 771 1199 840 dovicum
1232 770 1323 842 de
1356 768 1727 852 Ambasia,
1761 770 2175 863 episcopum
2219 765 2664 854 Albiensem,
2713 765 3282 842 Carmelitanum
3331 767 3661 842 habitum

864 885 1151 971 induit3
1202 887 1281 958 in
1314 908 1460 978 quo
1492 893 1740 959 sancto
1773 885 1967 956 vitae
1999 885 2340 958 instituto
2371 883 2685 956 Mariam
2717 885 3068 980 reginam,
3095 881 3452 958 Ludovici
3481 883 3660 957 XII.

864 1023 1189 1088 uxorem,
1234 1002 1643 1074 studiorum
1676 1000 2055 1074 fautricem
2088 1001 2393 1085 invenit,
2425 1001 2634 1097 cujus
2667 1000 3098 1074 liberalitate
3129 1000 3506 1098 ingenium
3549 1025 3661 1074 os-

859 1117 1198 1202 tentavit,
1225 1117 1475 1190 doctor
1508 1116 1941 1190 sorbonicus
1974 1117 2256 1214 ingenti
2287 1115 2484 1190 fama
2515 1117 3006 1202 renunciatus,
3033 1115 3342 1190 Tolosae
3375 1114 3664 1189 Carme-

863 1237 1161 1308 litarum
1194 1236 1729 1322 coenobiarcha,
1762 1256 1847 1309 ac
1879 1235 2266 1309 Francisco
2301 1233 2372 1310 Ἰ.
2423 1237 2580 1332 regi
2624 1259 2669 1308 a
2711 1235 2936 1309 sacris
2979 1233 3514 1310 confessionum
3559 1257 3668 1307 se-

860 1353 1097 1426 cretiS.
1200 1352 1463 1426 Edidit
3157 1383 3168 1391 ·

1152 1469 1269 1544 De
1300 1468 1571 1562 duplici
1607 1455 1975 1544 Potestate
2655 1467 2782 1540 lib.
2821 1485 2875 1540 1.
3021 1475 3030 1483 '

1151 1583 1697 1660 Elucidationes
1730 1584 2268 1660 Sententiarum
2647 1585 2775 1658 lib.
2813 1601 2924 1656 ιν.

1152 1701 1629 1787 Quaestiones
1662 1698 2085 1795 Vesperales
2643 1701 2770 1774 lib.
2809 1720 2862 1773 1.

1150 1817 1625 1893 Collectiones
1656 1815 2085 1892 Sorbonicas
2643 1817 2772 1890 lib.
2811 1833 2864 1888 1.

1150 1933 1245 2006 In
1276 1927 1603 2006 Pontica·
1619 1931 2047 2006 Aristotelis
2155 1941 2163 1950 ’
2651 1933 2780 2006 lib.
2815 1947 3000 2006 vlu.

1147 2036 1263 2126 De
1293 2048 1609 2126 Animae
1642 2049 1985 2128 Potentia
2016 2049 2288 2142 triplici
2641 2049 2768 2122 lib.
2807 2066 2862 2121 1.

1148 2165 1264 2239 De
1296 2176 1588 2240 aeterno
1620 2165 1898 2239 Christi
1933 2163 2194 2262 Regno
2647 2165 2774 2239 lib.
2813 2183 2866 2238 1.

1148 2283 1524 2356 Summam
1558 2282 1999 2379 Theologiae
2032 2303 2274 2356 sacrae
2633 2282 2759 2356 lib.
2797 2299 2852 2354 1.
2954 2280 3196 2355 Multa
3227 2281 3374 2356 alia
3405 2283 3660 2356 Balac-

1248 2423 1338 2473 us
1370 2407 1767 2485 enumerat,
1802 2400 1931 2494 qui
1966 2400 2045 2471 in
2080 2417 2416 2491 praesens
2447 2419 2598 2470 non
2629 2409 2744 2472 est
2773 2397 2870 2472 ad
2900 2419 3226 2472 manum.

1146 2515 1621 2590 Scholasticos
1654 2515 1733 2587 in
1768 2513 2127 2586 Davidem
2162 2513 2736 2588 Commentarios
2817 2513 2944 2589 lib.
2983 2531 3038 2587 1.
3137 2513 3326 2590 Sixt.
3361 2513 3654 2590 Sonens.

1246 2633 1376 2706 lib.
1413 2650 1521 2706 IV.
1554 2631 2049 2706 Bibliothecae
2080 2629 2408 2704 Sanctae.

947 2750 1233 2824 Claruit
1284 2771 1475 2824 anno
1526 2765 1678 2832 MD.
1730 2757 1861 2822 aut
1909 2755 2198 2841 praeter
2245 2755 2562 2839 propter,
2618 2768 2966 2844 magnum
3013 2747 3218 2844 genti
3266 2770 3362 2822 ae
3423 2751 3657 2822 ordini

848 2890 981 2942 suo
1016 2875 1529 2942 ornamentum
1558 2891 1583 2955 3
1636 2863 1765 2940 ubi
1799 2864 2082 2950 obierit,
2118 2875 2270 2936 non
2302 2863 2640 2958 comperi.

1665 3051 2103 3170 THoM'As
2150 3093 2556 3170 GRAms.
2659 3093 2828 3170 606.
2901 3017 2928 3049 ⁶

854 3333 1219 3408 THOMAS
1274 3331 1543 3406 Graius
1596 3329 2158 3418 Aberdonensis,
2209 3311 2441 3404 matre
2489 3327 2698 3402 Elisa
2743 3328 3178 3423 Dempstera
3233 3353 3324 3404 ex
3381 3331 3658 3406 familia

846 3450 1252 3535 Mureskia,
1302 3448 1531 3523 nobili
1582 3450 1739 3522 loco
1786 3455 2029 3528 natus,
2088 3445 2208 3516 vir
2267 3446 2488 3520 sacris
2549 3444 2780 3517 literis
2847 3453 2924 3520 et
2977 3446 3496 3542 philosophicis
3546 3451 3654 3521 in·

850 3568 1405 3650 structissimus,
1456 3565 1553 3640 ab
1608 3566 1906 3636 ineunte
1971 3570 2228 3640 aetate
2270 3559 2368 3634 D.
2427 3561 2794 3636 Francisci
2849 3559 3203 3635 familiam
3259 3565 3650 3661 ingressus,

846 3681 1353 3755 Aberdonensi
1389 3680 1729 3755 coenobio
1760 3677 2101 3772 praefuit,
2152 3687 2314 3750 tum
2355 3699 2521 3750 cum
2563 3675 2821 3774 religio
2866 3675 3262 3765 catholiea,
3305 3680 3491 3773 proh
3536 3703 3657 3752 ne-

849 3799 1007 3870 fas!
1060 3823 1099 3870 e
1154 3797 1401 3872 Scotia
1456 3797 1977 3880 eliminaretur,
2037 3803 2113 3868 et
2168 3793 2692 3868 haeretieorum
2747 3795 2982 3870 fun-ori
3032 3795 3342 3870 viriliter
3387 3798 3656 3870 restitit

848 3914 1249 4002 scribendo,
1283 3913 1626 3997 docendo,
1659 3911 2119 4004 disputando,
2154 3911 2522 4008 egregiam
2553 3931 2810 3984 musae
2839 3911 3004 4005 piae
3035 3922 3438 3987 navatums
3489 3935 3653 4005 ope-

846 4051 1027 4100 ram.
1126 4029 1434 4126 Scripsit

1149 4145 1705 4222 Admonitiones
1738 4147 1829 4218 ad
1864 4145 1940 4216 N
1940 4153 2274 4220 ovatores
2939 4145 3064 4218 lib.
3105 4162 3158 4216 1.

1148 4261 1235 4332 In
1270 4262 1689 4335 universam
1722 4259 2143 4333 Aristotelis
2174 4257 2718 4353 Philosophiam
2937 4261 3063 4334 lib.
3100 4279 3156 4332 1.

1150 4377 1628 4450 Concordiam
1663 4374 1759 4448 D.
1795 4375 2125 4449 Thomae
2158 4384 2233 4447 et
2265 4373 2462 4447 Seoti
2935 4375 3059 4448 lib.
3097 4393 3152 4446 1.

1140 4492 1512 4587 Epistolas
1545 4494 1639 4566 ad
1674 4490 1891 4566 Cives
1924 4513 2097 4566 suos
2925 4491 3054 4565 lib.
3091 4509 3146 4564 1.
3197 4490 3402 4576 Quae
3435 4493 3651 4564 audio

1241 4609 1487 4680 omnia
1515 4609 1593 4679 in
1627 4609 1861 4681 lucem
1896 4606 2173 4680 emitti:
2225 4605 2379 4699 ipse
2411 4617 2600 4682 certe
2649 4609 2900 4683 sedulo
2949 4617 3118 4684 ante
3167 4609 3444 4683 obitum
3495 4632 3649 4681 cor-

1246 4723 1442 4799 rexit
1472 4725 1783 4820 singula,
1816 4745 1901 4796 ac
1930 4721 2310 4816 disposuit.

1144 4842 1235 4915 In
1268 4840 1537 4918 Libros
1568 4839 2109 4915 Sententiarum
2935 4841 3062 4914 lib.
3099 4858 3208 4912 lv.
