4384 5817
1117 552 1251 617 2⁰8
1629 615 1636 622 .
1678 599 1686 610 ·
1884 549 2354 620 HISTORIA
2398 549 3156 620 ECCLESIASTICA

1122 742 1386 813 dreano
1417 739 1766 836 Catalogo
1797 741 1886 812 de
1917 743 2044 812 illa
2076 741 2388 814 ecclesia.
2465 741 2781 814 Celebris
2814 742 2907 812 ad
2938 740 3134 814 illius
3166 743 3247 812 in
3280 741 3544 815 Bossia
3574 744 3903 838 reliquias

1121 858 1627 952 peregrinatio.
1678 856 1890 928 ¹Joan.
1921 857 2112 929 Lesl.
2132 856 2261 928 lib.
2290 874 2473 928 v111.
2498 881 2663 952 pag.
2692 874 3103 928 ccxxvln.
3155 857 3443 950 Oppido
3468 857 3730 932 Thana
3744 865 3903 934 coli·

1119 979 1244 1042 tur
1293 988 1472 1042 vlu.
1534 970 1811 1054 Martii,
1872 971 2379 1044 Calendarium
2428 971 2696 1045 Adami
2745 971 2984 1067 Regii,
3032 982 3111 1045 et
3157 974 3587 1046 miraculum
3638 976 3903 1048 brachii

1121 1104 1236 1156 xl.
1273 1085 1582 1178 Septem.
1619 1087 1880 1158 Boeth.

1953 1284 2028 1356 S.
2080 1281 2807 1356 DONEVALDUS.
2912 1287 3083 1363 3⁷9.

1114 1429 1190 1502 S.
1258 1429 1836 1504 DONEVALDUS
1902 1434 2178 1524 primus
2240 1433 2527 1504 videtur
2582 1432 2775 1502 inter
2841 1431 3085 1504 Pictos
3150 1439 3225 1502 et
3284 1429 3557 1514 Scotos,
3623 1431 3753 1525 qui
3820 1455 3901 1506 ex

1114 1545 1378 1615 coelibe
1427 1547 1857 1621 anachoreta
1903 1549 2136 1619 factus
2179 1557 2409 1619 totam
2456 1545 2807 1616 familiam
2857 1547 3087 1618 eidem
3138 1547 3329 1618 vitae
3378 1547 3625 1642 generi
3674 1547 3900 1638 piissi-

1112 1680 1275 1730 mus
1325 1658 1658 1732 addixit(
1731 1661 1830 1732 H.
1886 1662 2142 1734 Boeth.
2196 1665 2321 1736 lib.
2356 1679 2440 1732 Χ.
2494 1659 2691 1735 Hist.
2744 1659 2933 1733 Scot.
2986 1683 3153 1757 pag.
3204 1679 3520 1734 eLxxx.
3575 1671 3621 1704 “
3653 1662 3899 1736 Valuit

1110 1775 1500 1866 plurimum
1553 1777 1644 1846 ad
1697 1780 2241 1850 commovendos
2292 1780 2385 1850 ad
2432 1780 2771 1869 pietatem
2816 1777 3145 1848 homiues
3192 1775 3597 1850 Donevaldi
3645 1776 3895 1848 Scotici

1111 1891 1486 1985 sang-uinis
1524 1893 1664 1961 viri
1699 1893 2062 1977 sanctitas,
2109 1895 2237 1986 qui
2284 1893 2361 1964 in
2404 1892 2791 1964 solitudine
2833 1890 3105 1986 Ogilbi,
3146 1913 3273 1964 sex
3314 1914 3538 1984 prope
3588 1893 3896 1966 millibus

1107 2027 1450 2097 passuum
1473 2008 1564 2078 ab
1583 2005 1840 2078 Alecto
1862 2010 2148 2100 oppido,
2169 2010 2363 2080 inter
2386 2007 2625 2078 Pictos
2646 2007 2839 2077 vitae
2862 2007 3337 2080 sanctimonia
3358 2007 3667 2102 insignis
3692 2008 3892 2080 vixit.

1109 2119 1308 2190 Huic
1354 2143 1614 2192 novem
1661 2131 1864 2193 erant
1905 2123 2156 2194 filiae.”
2254 2121 2443 2194 Vide
2472 2145 2659 2214 quae
2690 2130 3116 2213 sequuntur.
3216 2121 3459 2194 Multa
3491 2123 3581 2196 de
3612 2145 3699 2196 eo
3732 2123 3893 2194 alibi

1105 2257 1351 2310 rerum
1397 2237 1830 2308 nostratium
1875 2239 2281 2328 scriptores,
2326 2238 2451 2308 sed
2493 2259 2665 2330 prae
2710 2239 2873 2309 aliis
2920 2235 3331 2319 Fordunus,
3382 2238 3509 2330 qui
3552 2238 3895 2329 quaedam

1107 2351 1200 2421 ab
1248 2373 1333 2421 eo
1379 2361 1792 2443 perpetrata
1839 2353 2186 2424 miracula
2232 2361 2605 2424 memorat.
2704 2352 3011 2444 Scripta,
3060 2363 3149 2425 ut
3197 2362 3399 2444 puto,
3448 2353 3891 2436 interierunt,

1105 2467 1169 2537 si
1202 2488 1386 2559 quae
1419 2467 1758 2538 ediderat.
2167 2465 2172 2472 ’

1206 2579 1495 2652 Floruit
1539 2580 1674 2652 sub
1718 2578 2056 2675 Eugenio
2099 2579 2273 2653 VII.
2318 2579 2721 2666 Scotorum,
2766 2592 2841 2655 et
2884 2580 3261 2654 Garnardo
3302 2581 3675 2653 Pictorum
3718 2583 3893 2676 regi·

1108 2695 1241 2766 bus
1274 2716 1464 2765 anno
1499 2711 1870 2765 necxvn.
1906 2692 2227 2766 Annales
2262 2695 2546 2766 Scotici.
2590 2695 2641 2766 J
2644 2721 2709 2768 o.
2746 2696 3087 2768 Leslaeus
3129 2696 3253 2768 lib.
3293 2713 3401 2767 ιν.
3444 2719 3612 2791 pag.
3650 2711 3889 2768 cnxv.

1106 2807 1272 2893 Hic,
1305 2817 1392 2880 ut
1424 2811 1638 2881 multi
1667 2809 1816 2894 alii,
1852 2809 2363 2906 Martyrologii
2396 2810 2709 2884 Romani
2744 2811 3009 2884 tabulis
3042 2833 3189 2884 non
3220 2819 3332 2886 est
3364 2812 3743 2902 ascriptus.

1972 3005 2046 3077 S.
2097 3004 2739 3080 DUFFLANUS.
2844 3012 3013 3080 380.

1103 3155 1177 3228 S.
1213 3155 1730 3228 DurrLANus
1761 3159 1972 3230 sociis
2005 3157 2271 3229 sanctis
2304 3156 2583 3228 duobus
2629 3156 3013 3230 Macbeath
3054 3165 3130 3232 et
3172 3155 3759 3252 Magilmumene,
3806 3179 3893 3234 ex

1103 3272 1358 3342 insulis
1391 3271 1690 3344 Scoticis
1725 3275 1966 3358 solvit,
2003 3275 2273 3344 scilicet
2298 3295 2389 3344 ex
2414 3271 2615 3357 Iona,
2642 3281 2741 3357 et,
2770 3273 3101 3346 manibus
3126 3274 3438 3365 propriis
3470 3271 3664 3346 facto
3696 3271 3891 3345 navi-

1101 3388 1246 3482 gio,
1293 3389 1386 3460 ad
1419 3385 1831 3460 Aelfridum
1873 3387 2186 3483 Angliae
2230 3409 2472 3483 regem
2518 3389 2759 3474 venit3
2808 3389 2977 3458 inde
3018 3379 3329 3464 Romam
3372 3385 3891 3482 peregrinantis

1105 3504 1362 3576 habitu
1395 3527 1478 3575 ac
1507 3513 1754 3595 postea
1789 3507 1941 3575 loca
1975 3513 2227 3575 sancta
2268 3503 2468 3587 adiit,
2518 3504 3091 3596 dominicamque
3134 3504 3539 3595 passionem
3582 3509 3893 3572 contem·

1103 3621 1363 3710 platus,
1399 3621 1477 3689 in
1509 3620 1770 3702 reditu,
1805 3621 2052 3714 ignoto
2085 3622 2261 3703 loco,
2296 3619 2703 3710 deponitur,
2735 3619 2959 3690 tantis
2993 3619 3357 3690 miraculis
3381 3617 3637 3700 clarus,
3672 3637 3892 3707 quan-

1101 3743 1180 3804 ta
1211 3736 1598 3806 maximam
1633 3756 1798 3805 cum
1841 3734 1998 3806 Deo
2041 3735 2614 3829 conjunctionem
2658 3736 3074 3826 loquuntur.
3181 3732 3627 3827 Reginaldus
3670 3730 3891 3802 cardi·

992 3897 996 3901 -
1099 3850 1284 3919 nelis
1317 3849 1421 3920 ait
1453 3871 1572 3920 eos
1607 3850 1700 3920 ad
1747 3849 1986 3920 sedem
2019 3849 2485 3922 Sodorensem
2518 3857 2893 3940 spectasse,
2938 3846 3181 3939 ibique
3214 3847 3610 3922 sacerdotes
3642 3845 3885 3918 factos.

1099 3961 1402 4056 Scripsit

1397 4080 1510 4150 De
1541 4081 1754 4152 Locis
1788 4081 2010 4153 sacris
2784 4076 2909 4148 lib.
2951 4095 3003 4146 1.

1203 4193 1592 4285 Depositus
1627 4205 1736 4266 est
1768 4219 1957 4268 anno
1995 4211 2411 4266 Dcccxcn.
2513 4191 3021 4264 Ethelwerdus
3054 4190 3180 4262 lib.
3222 4208 3329 4260 lv,

2102 4425 2177 4496 S.
2229 4421 2616 4495 DWINA.
2722 4427 2891 4494 381.

1100 4657 1175 4730 S.
1228 4658 1548 4742 Dwnu,
1613 4681 1740 4730 seu
1787 4656 2055 4739 Duina,
2115 4663 2243 4727 aut
2298 4645 2553 4738 Diues,
2614 4663 2745 4726 aut
2792 4652 3133 4726 Diui-nas.
3186 4649 3663 4725 Demochares
3714 4659 3880 4720 tom.

1102 4793 1211 4849 Π.
1247 4797 1412 4872 pag.
1451 4791 1740 4846 cxxw.
1775 4782 1822 4824 ‘⁴
1853 4771 2184 4843 Aidanus
2218 4769 2555 4854 Sinanus,
2592 4768 3003 4853 colmanus,
3036 4765 3343 4850 Diurna,
3379 4764 3690 4850 Cellach,
3722 4763 3883 4834 Sco—
