4384 5817
1280 573 1635 642 GENTIS
1680 569 2242 650 scoToRUM.
2287 569 2470 640 LIB.
2511 569 2597 636 V.
3205 569 3336 640 269

543 768 743 840 tiosis
776 765 1035 839 terrori
1068 775 1277 849 esset,
1314 765 1605 858 optimis
1652 765 2055 858 quibusque
2100 762 2598 848 reverentiae;
2649 759 2910 834 virtuti
2959 759 3331 834 studerent

530 904 811 966 omnes,
858 881 1369 974 concordiaque
1412 882 1627 952 simul
1660 881 2170 963 coalescerent3
2223 879 2646 962 sacerdotes,
2682 877 3148 949 solutioribus
3182 899 3333 948 mo-

542 996 741 1069 ribus
775 995 1094 1081 cohibiti,
1142 995 1433 1068 Christo
1466 996 1796 1090 divisque
1829 995 1968 1065 rite
2026 1017 2107 1066 ac
2157 1004 2559 1088 opportune
2607 1015 2810 1066 sacra
2856 1003 3328 1089 peragerent3

541 1116 865 1208 neglecta
911 1113 1181 1206 templa
1230 1121 1359 1185 aut
1406 1135 1551 1185 non
1598 1113 1738 1184 rite
1786 1113 1982 1184 culta
2026 1111 2107 1182 in
2154 1109 2546 1204 pristinum
2603 1109 3154 1182 restituerentur
3210 1110 3331 1181 de-

542 1250 721 1319 cus3
782 1238 868 1301 ut
924 1228 1231 1320 denique
1286 1251 1752 1322 quaecunque
1808 1228 1888 1299 in
1956 1224 2334 1300 Scotorum
2409 1245 2632 1321 regno
2707 1223 2979 1296 urbane
3045 1226 3331 1322 religio-

541 1365 706 1416 seve
742 1343 1017 1429 fierent,
1050 1343 1143 1416 ad
1176 1345 1605 1439 reipublicae
1634 1345 1873 1429 decus,
1904 1351 1981 1415 et
2024 1343 2119 1413 ad
2163 1341 2437 1413 Christi
2471 1341 2760 1412 laudem
2791 1339 3032 1412 forent
3062 1361 3330 1414 accom-

544 1460 852 1532 mndata.
956 1456 1046 1529 In
1078 1458 1193 1530 his
1227 1467 1615 1551 perpetuus
1646 1457 1809 1529 viro
1840 1457 2045 1531 labor
2075 1460 2251 1530 dum
2283 1464 2647 1550 superstes
2679 1465 2885 1540 esset,
2919 1457 2997 1528 in
3031 1457 3146 1528 his
3179 1481 3330 1529 om-

540 1597 703 1646 nem
736 1574 977 1669 exegit
1009 1575 1302 1646 vitam.”
1400 1573 1539 1649 Vir
1568 1573 1691 1646 hic
1734 1585 1887 1646 tam
1932 1575 2340 1669 praeclarus
2390 1571 2483 1644 ad
2531 1570 3068 1644 Aberdonensis
3117 1574 3330 1644 eccle-

539 1689 685 1760 siae
733 1689 1053 1785 regimen
1102 1699 1535 1782 assumptus,
1585 1691 1663 1761 in
1714 1691 1923 1785 cujus
1970 1689 2284 1786 gratiam
2334 1689 2424 1759 de
2471 1687 2802 1759 omnibus
2833 1687 3062 1780 ipsius
3095 1689 3329 1760 deces-

538 1804 819 1877 soriBus
854 1803 956 1874 H.
995 1804 1347 1876 Boethius
1373 1807 1737 1878 eruditum
1769 1808 2106 1878 volumen
2139 1804 2366 1876 edidit
2390 1803 2528 1875 sub
2551 1803 2767 1875 titulo
2801 1812 2847 1846 ‘⁶
2881 1801 2995 1874 De
3028 1801 3331 1877 Pontifi-

540 1919 738 1992 cibus
764 1919 1461 1994 Aberdonensibus.'’
1528 1920 1725 1994 Eum
1759 1920 2093 2006 Bulaeus,
2130 1920 2454 2014 alioquin
2484 1919 2685 2016 genti
2723 1930 3011 1992 nostrae
3033 1919 3326 2016 juratus

538 2035 787 2120 hostis,
839 2036 1331 2108 doctissimum
1383 2045 1611 2120 vocat,
1670 2059 1801 2108 nec
1848 2037 2260 2126 immerito,
2321 2057 2491 2107 nam
2541 2044 2791 2127 postea
2837 2037 3062 2108 totius
3120 2039 3326 2132 regni

538 2151 996 2226 cancellarius
1046 2150 1302 2236 factus,
1348 2153 1782 2226 acad-niam
1834 2151 2420 2225 Aberdonensem
2470 2159 2768 2244 sumptu
2815 2152 3110 2245 proprio
3157 2152 3324 2226 fun-

538 2268 759 2351 davit,
790 2268 1109 2361 undique
1140 2269 1447 2342 literatis
1478 2268 1723 2340 accitis
1767 2267 2310 2362 professoribus,
2362 2267 2704 2359 pontibus
2753 2267 2974 2338 etiam
3024 2268 3323 2361 lapideis

472 2467 485 2476 ·
535 2382 997 2476 pulcherrimi
1055 2383 1289 2476 operis
1346 2382 1631 2456 Donam
1688 2382 2059 2477 Deamque
2116 2405 2384 2469 amnes,
2443 2383 2706 2477 quibus
2755 2383 2929 2456 urbs
2979 2384 3318 2482 cingitur,

538 2501 899 2582 instravit,
954 2501 1195 2591 ipsum
1256 2501 1693 2593 episcopium
1752 2510 1826 2573 et
1874 2498 2374 2572 canonicorum
2427 2499 2808 2596 collegium
2855 2500 3323 2593 amplioribus

538 2615 917 2686 structuris
950 2614 1247 2686 mirifice
1290 2616 1678 2694 decoravit.
1780 2615 2079 2689 Praeter
2126 2609 2484 2687 nostrates
2530 2613 2581 2684 J
2582 2615 2844 2688 acobus
2894 2613 3323 2689 Medendor-

537 2730 700 2823 pius
728 2728 803 2800 J.
838 2728 923 2802 C.
957 2730 1082 2802 lib.
1120 2747 1211 2802 11.
1248 2732 1325 2802 in
1360 2731 1499 2802 fine
1533 2732 1623 2803 de·
1654 2730 2111 2816 Academiis3
2164 2733 2360 2825 quod
2392 2753 2576 2825 opus
2623 2731 2836 2805 futile
2883 2741 3019 2818 est„
3072 2741 3144 2806 et
3193 2733 3322 2830 fig-

538 2845 796 2918 mentis
826 2844 1188 2918 Annianis
1220 2845 1589 2922 refertum.
1690 2844 1993 2939 Scripsit
2024 2846 2556 2940 Elphinstonus
2833 2873 2846 2886 ·

828 2961 1207 3034 Scotorum
1239 2960 1649 3034 chronicon
2271 2962 2398 3036 lib.
2434 2980 2489 3035 1.

830 3075 1318 3148 Conciliorum
1351 3075 1643 3150 Stamta
2277 3078 2404 3154 lib.
2439 3098 2496 3156 1.
2523 3087 2600 3152 et
2619 3081 2764 3154 alia
2779 3080 3085 3168 infinita,
3107 3079 3316 3178 quae,

925 3194 1113 3284 proh
1144 3191 1389 3265 dolor!
1442 3194 1962 3266 haereticorum
1994 3193 2202 3266 furor
2246 3215 2479 3288 nuper
2526 3217 2690 3268 cum
2732 3197 2892 3269 aliis
2925 3199 3133 3294 regni
3165 3222 3316 3272 mo·

924 3309 1289 3380 numentis
1324 3310 1823 3384 scelestissime
1856 3309 2191 3382 abolevit.

628 3425 833 3496 Obiit
889 3432 1237 3518 regnante
1283 3423 1333 3494 J
1335 3425 1554 3497 acobo
1606 3423 1779 3521 [V.]
1834 3447 2023 3496 anno
2068 3423 2458 3520 [unxlv]
2563 3424 2938 3500 Successor
2985 3429 3052 3499 ei
3101 3428 3312 3502 datus

534 3540 859 3614 Gavium
886 3539 1238 3625 Dumbar,
1270 3541 1627 3637 egregius,
1660 3549 1736 3614 et
1766 3549 1971 3614 tanto
2000 3543 2366 3618 decessore
2397 3543 2860 3641 dignissimus
2893 3547 3202 3637 praesul.

1325 3771 1759 3846 THOMAS
1804 3770 2238 3846 EVATUS.
2344 3778 2513 3854 499.
2545 3837 2554 3848 .

531 4001 887 4076 Tuoms
920 4002 1205 4076 Evatus
1236 4002 1859 4077 Sanctandreanus
1904 4004 2031 4076 diu
2079 4003 2416 4079 Lutetiae
2461 4006 2812 4092 substitit,
2865 4009 3306 4102 optimarum

530 4118 794 4191 artium
862 4119 1133 4203 doctor,
1196 4128 1273 4191 et
1336 4121 1777 4194 academicos
1834 4121 2141 4192 honores
2197 4143 2534 4214 persaepe
2585 4124 2908 4208 sortitus,
2965 4147 3308 4222 magnam

526 4233 639 4306 sui
696 4235 971 4330 ingenii
1024 4233 1289 4308 famam
1346 4237 1661 4329 reliquit.
1762 4235 1955 4332 Ejus
2004 4245 2178 4310 sunt
2227 4238 2458 4310 multa
2507 4239 2725 4324 edita,
2781 4241 2909 4312 sed
2967 4265 3104 4338 ego
3157 4244 3308 4316 vidi

532 4357 813 4422 tautum

820 4463 1315 4538 Praefationes
1348 4469 1671 4539 solennes
2306 4468 2429 4543 lib.
2468 4489 2521 4542 1.

822 4578 1166 4652 Poemata
1198 4582 1401 4653 vario
1434 4603 1771 4654 versuum
1807 4604 2069 4678 genere
2302 4586 2429 4659 lib.
2465 4605 2520 4657 1.

624 4693 941 4768 Parisios
974 4696 1197 4780 venit,
1232 4697 1671 4789 docendique
1705 4699 2144 4791 provinciam
2180 4700 2404 4772 subiit
2435 4723 2628 4774 anno
2661 4719 2906 4776 unm.
2989 4703 3302 4801 Elegans

526 4818 635 4881 est
674 4811 763 4880 de
806 4833 889 4880 eo
934 4811 1429 4884 testimonium
1477 4810 1729 4883 Jacobi
1783 4811 2146 4886 Paschasii
2201 4814 2633 4914 Lotharingi
2683 4819 2762 4889 in
2802 4818 3090 4894 Delitiis
3131 4821 3303 4895 Poe-
