4384 5817
2486 538 2625 629 x'x:

1161 753 1508 855 minore,
1547 767 1636 839 et
1673 756 1790 839 sic
1827 750 2399 841 constituendi
2438 752 2641 839 sunt
2676 780 2725 838 e
2760 750 3074 837 canisii
3112 752 3657 841 Lectionibus
3689 754 3947 839 Anti-

1165 884 1378 993 quiS,
1415 895 1616 968 tom.
1653 885 1768 968 iii.
1805 894 2018 999 part.
2056 884 2258 997 ii..p.
2304 890 2489 974 137.
2528 884 2727 969 edit.
2764 881 3165 997 Rasnage.

1759 1110 2116 1173 Reeitntur
2139 1132 2319 1193 super
2342 1110 2453 1173 bac
2476 1130 2545 1173 ro
2570 1132 2679 1173 sun
2702 1112 2937 1193 scripta,

1763 1208 1924 1269 Data
1949 1207 2247 1290 quondam
2272 1206 2401 1283 tibi,
2426 1206 2663 1291 praesul
2688 1207 2979 1280 Bonifnd,
3004 1205 3103 1288 pie
3127 1218 3374 1290 martyr.

1165 1400 1570 1514 Turpiter
1607 1404 1834 1513 apud
1871 1402 2470 1517 Dempsterum
2510 1416 2711 1489 sunt
2746 1400 3137 1503 lacerati3
3204 1414 3317 1504 et,
3372 1404 3483 1489 ad
3524 1402 3951 1490 Bonifaci-

1165 1558 1315 1613 um
1353 1530 1619 1615 civem‘
1657 1558 1907 1616 suum
1947 1532 2574 1633 vindicandum,
2594 1536 2743 1648 pie
2778 1534 2869 1617 in
2912 1536 3138 1619 Scote
3172 1560 3345 1618 non
3386 1534 3523 1645 pie
3553 1534 3947 1619 mutavit.

1168 1658 1338 1743 Hic
1375 1673 1594 1745 stare
1631 1661 1934 1773 nequit
1973 1664 2219 1762 Scote,
2258 1666 2501 1774 cujus
2534 1664 2809 1775 prima
2846 1672 2975 1748 est
3008 1660 3419 1774 producta
3456 1661 3795 1774 syllaba,
3838 1662 3956 1747 si-

1166 1798 1312 1873 cut
1349 1792 1578 1905 apud
1613 1790 2178 1877 Claudianum
2216 1792 2324 1875 de
2363 1789 2799 1877 Laudibus
2836 1790 3319 1876 Stilichonis
3356 1789 3499 1877 lib.
3528 1791 3611 1877 ii.
3648 1818 3725 1877 v.
3746 1798 3949 1875 251.

1757 2019 1870 2177 ἷξε
1885 2018 2050 2100 juvit
2075 2018 2345 2095 stilicho,
2368 2030 2559 2083 totam
2746 2019 2956 2081 Scotus
2986 2018 3203 2083 lenm

1837 2116 1982 2179 ovit.

1283 2307 1603 2396 Verum
1663 2312 2088 2400 enimvero
2145 2312 2518 2423 suspicor
2566 2311 2787 2395 male
2839 2310 3212 2396 habitam
3262 2336 3441 2395 esse
3484 2308 3709 2393 hanc
3758 2336 3949 2423 pos-

1168 2450 1494 2522 tumam
1531 2439 2012 2553 Dempsteri
2049 2438 2393 2552 prolem.
2508 2440 2691 2523 Nec
2726 2434 3083 2524 dubium
3122 2450 3251 2523 est
3294 2438 3713 2550 quaedam·
3760 2442 3947 2551 ejus

1167 2570 1422 2651 verba
1479 2560 1922 2681 insigniter
1981 2581 2313 2653 mutata
2376 2596 2552 2653 esse
2612 2597 2695 2681 p.
2754 2558 2884 2659 5'7.
3000 2566 3335 2653 Folium
3386 2568 3945 2653 substitutum

1169 2724 1324 2781 nos
1365 2690 2002 2782 exscribendum
2039 2700 2487 2795 duximu83
2554 2698 2746 2781 libri
2798 2710 3083 2781 autem
3135 2694 3581 2809 exemplar,
3630 2696 3723 2779 in
3772 2694 3951 2779 Ad-

1170 2839 1655 2912 vocatorum
1716 2824 2243 2913 Bibliotheca
2302 2840 2745 2926 servatum,
2812 2827 3037 2912 idem
3104 2827 3283 2912 sine
3336 2825 3951 2911 mutationibus

1173 2950 1474 3041 folium
1517 2958 1916 3041 continet.
2030 2957 2164 3042 De
2202 2970 2453 3070 poeta
2507 2957 2871 3068 quodam
2926 2984 3345 3068 anonymo
3392 2954 3603 3040 haec
3648 2953 3949 3039 retulit

1173 3086 1352 3198 ipse
1389 3086 1990 3199 Dempsterus:
2060 3100 2106 3138 ‘⁸
2143 3087 2605 3171 Lanienam
2646 3085 3191 3171 Parisiensem
3234 3080 3701 3169 detestatus
3748 3110 3945 3166 ano-

1173 3242 1481 3327 nymus
1519 3218 1864 3327 quidam
1902 3218 2217 3317 Scotua
2270 3218 2439 3317 sed,
2476 3228 2581 3299 ut
2616 3216 2973 3316 videtur,
3010 3212 3547 3299 catholicus:
3612 3211 3949 3323 elegans

1173 3372 1372 3430 sane
1436 3355 1527 3429 et
1583 3346 1957 3429 vividum
2017 3373 2354 3431 carmen
2416 3357 2545 3430 est
2602 3348 2761 3429 sub
2818 3340 3079 3429 titulo
3120 3346 3435 3429 Furiae
3482 3343 3947 3427 Franz-icae.

1175 3466 1552 3559 Initium
1587 3477 1980 3561 acerbum
2031 3488 2182 3577 est,
2238 3462 2683 3585 totumque
2736 3502 3037 3586 poema
3086 3466 3521 3558 affectibus
3570 3467 3967 3584 plenissi-.

1173 3630 1460 3689 mum:

1773 3834 1966 3915 Impia
1988 3852 2120 3906 rex,
2141 3842 2334 3894 mater
2358 3832 2707 3905 truculenta,
2732 3830 3039 3913 invi-nque
3064 3830 3247 3907 coelo,

1773 3922 2120 3987 Guisiadum
2143 3922 2394 3986 soboles.

1177 4132 1432 4217 Anno
1471 4156 1817 4215 mnnxx.
1845 4132 2104 4216 deflet
2131 4131 2608 4220 Catholicae
2638 4134 3250 4221 occisoS.”-Et
3274 4162 3519 4221 mox:
3560 4148 3604 4188 ‘⁶
3629 4136 3949 4220 Auctor

1177 4259 1348 4358 ille,
1385 4260 1556 4344 sive
1607 4260 1662 4343 J
1663 4262 1968 4345 acobus
2018 4262 2433 4362 Gadanus,
2484 4264 2655 4348 sive
2704 4264 3079 4349 Adamus
3134 4263 3749 4365 Blacvodaeuss
3776 4264 3951 4349 sive

1178 4388 1560 4473 Andreas
1599 4388 2048 4489 Melvinua
2085 4392 2520 4477 Scotorum
2548 4392 2988 4478 rebellium
3018 4394 3365 4493 furoreS,
3390 4391 3948 4479 clandestinos

1179 4520 1795 4603 Germanorum
1858 4518 2469 4615 haereticorum
2532 4528 2951 4621 conatu-s‚”
3020 4524 3164 4608 διο.
3276 4521 3399 4609 Et
3454 4522 3658 4606 folio
3712 4548 3945 4606 verso

1179 4648 1494 4733 desunt
1526 4645 1735 4731 haec
1771 4649 2066 4731 verba:
2129 4659 2172 4699 “
2208 4649 2279 4732 is
2316 4649 2487 4733 fuit
2521 4648 2899 4735 Adamus
2936 4648 3577 4734 Blacvodaeus.’'

1201 4844 1212 4851 .
1294 4772 1428 4861 De
1471 4768 1844 4862 editione
1891 4788 2177 4865 autem
2208 4766 2523 4890 [operia
2570 4777 2796 4864 haec
2828 4765 3281 4865 memoriae
3326 4762 3681 4865 tradidit
3710 4776 3945 4863 Lud.
