4384 5817
1021 669 1319 746 rarunt
1346 660 1435 745 in
1464 658 1793 745 calvini
1823 684 2200 745 errorum
2227 657 2736 775 praecipitia,
2757 658 2866 745 ad
2893 658 3296 745 sinceram
3325 659 3488 746 Dei
3519 662 3796 747 colen·-

1022 792 1111 875 di
1136 792 1547 879 rationem
1571 802 2093 891 revocentur,
2100 788 2584 903 relictisque
2605 800 2695 875 et
2715 790 3220 903 contemptis
3241 790 3600 890 novitiis,
3607 820 3795 905 pro-

1020 922 1239 1003 fanis
1264 918 1455 1019 illis,
1492 918 1795 1030 impiis,
1830 918 2264 1031 imperitis,
2301 946 2458 1005 nec
2494 919 2869 1031 integrae
2906 920 3176 1005 famae
3212 920 3796 1005 homuncioni-

1017 1052 1197 1148 buS,
1246 1047 1623 1161 pessimis
1660 1061 1749 1133 et
1786 1048 2045 1133 caecis
2080 1049 2190 1133 ad
2227 1048 2751 1161 sequendum
2789 1049 3163 1150 ducibus
3213 1050 3422 1135 dum
3467 1052 3792 1163 resipis-

1019 1178 1264 1264 cendi
1294 1191 1627 1291 tempus
1656 1191 1745 1264 et
1770 1176 2004 1263 locus
2040 1189 2190 1278 est,
2225 1188 2558 1263 mature
2595 1178 2684 1263 in
2725 1176 3148 1263 Ecclesiae
3183 1178 3666 1265 Catholicae
3703 1194 3793 1266 et

1018 1308 1473 1409 Romanae,
1512 1319 1751 1393 extra
1801 1335 2057 1418 quam
2104 1308 2656 1393 certissimum
2709 1307 3262 1420 naufragium,
3311 1322 3654 1421 portum
3703 1338 3794 1394 se

1014 1439 1447 1551 recipiant.
1502 1438 1821 1522 Merito
1848 1437 2135 1549 itaque
2162 1436 2826 1523 Ecclesiasticam
2857 1438 3291 1521 Scotorum
3321 1438 3787 1523 Historiam

1015 1568 1506 1666 nominavit,
1544 1568 1636 1651 in
1674 1596 1865 1681 qua,
1900 1580 2308 1681 tanquam
2347 1566 2438 1651 in
2475 1564 2836 1681 specu10,
2873 1567 3182 1651 veteris
3217 1568 3558 1679 pietatis
3594 1596 3786 1653 cum

1016 1697 1401 1783 Romana
1438 1694 1815 1781 Ecclesia
1849 1697 1941 1781 in
1992 1696 2400 1808 religione
2443 1695 2946 1809 conspiratio
2993 1708 3082 1781 et
3119 1724 3568 1781 consensus
3603 1726 3790 1809 per-

1010 1838 1275 1937 petua
1310 1828 1523 1913 serie
1560 1838 1945 1911 narratus
1980 1823 2316 1939 legitur,
2343 1852 2753 1910 novorum
2781 1838 3068 1909 autem
3097 1818 3586 1937 dogmatum
3616 1827 3788 1911 foe-

1010 1958 1233 2039 ditas
1288 1968 1377 2040 et
1436 1956 1797 2067 pravitas
1856 1952 2292 2041 luculente
2339 1956 2448 2039 ad
2498 1954 3142 2041 detestationem
3205 1968 3294 2039 et
3351 1954 3780 2041 horrorem

1009 2085 1183 2169 suis
1220 2084 1635 2169 coloribus
1670 2084 2077 2196 proditur.
2192 2082 2476 2174 Quare
2513 2112 2669 2168 nec
2705 2082 3126 2183 haeretici,
3163 2110 3529 2195 quorum
3576 2114 3788 2169 non-

1006 2216 1212 2297 dum
1254 2224 1383 2297 est
1418 2212 1933 2297 conclamata
1969 2212 2304 2311 sanitas,
2342 2223 2431 2295 et
2465 2211 2640 2297 vita
2675 2210 3132 2325 desperata,
3170 2212 3522 2297 fuerunt
3556 2214 3788 2327 inge-

1004 2344 1125 2426 nii
1166 2356 1255 2427 et
1292 2342 1811 2441 eruditionis,
1848 2368 2105 2452 quam
2140 2352 2600 2441 merentur,
2633 2338 2888 2425 laude
2923 2340 3394 2443 fraudandi,
3439 2344 3588 2427 sed
3643 2372 3784 2429 ex-

1009 2472 1347 2571 citandi,
1406 2482 1527 2571 ut,
1573 2498 1783 2582 quas
1839 2469 2074 2553 Deus
2126 2470 2388 2569 dedit,
2445 2468 2706 2553 animi
2765 2468 3104 2555 dotibus
3159 2472 3252 2555 in
3301 2475 3782 2583 quaerenda

1007 2613 1347 2685 aeterna
1388 2598 1661 2685 salute
1699 2610 2191 2695 uterentur3
2235 2626 2390 2682 nec
2427 2598 2579 2711 qui
2605 2596 3022 2683 Catholici
3061 2597 3284 2684 inter
3319 2600 3782 2689 haereticos

1006 2730 1191 2815 Deo
1230 2743 1318 2814 et
1356 2729 1921 2813 sacerdotibus
1958 2728 2274 2839 cogniti
2329 2716 2861 2828 delitescunt,
2917 2729 3518 2841 persecutionis
3565 2760 3779 2817 sere-

1004 2861 1360 2944 nitatem
1400 2868 1997 2970 exspectanteS,
2035 2854 2216 2941 ullo
2253 2856 2602 2941 fuerunt
2639 2856 2952 2943 indicio
2989 2860 3464 2971 detegendi,
3503 2890 3610 2945 ne
3647 2862 3776 2945 in-

1003 2988 1500 3073 nocentibus
1574 2988 1681 3071 ab
1752 2986 2173 3071 haeretico
2247 2986 2740 3097 magistratu
2805 2986 3274 3101 periculum
3341 2990 3563 3075 vitae
3625 3004 3776 3075 aut

1005 3119 1539 3202 fortunarum
1578 3128 2023 3215 crearetur,
2060 3143 2672 3227 supervacaneo
2707 3128 2796 3201 et
2848 3118 3436 3229 intempestivo
3499 3118 3774 3203 divul-

972 3248 1243 3358 'gatae
1300 3246 1639 3331 virtutis
1696 3245 1989 3357 elogio.
2104 3246 2394 3356 Hujus
2451 3244 2726 3331 classis
2783 3246 2874 3331 in
2929 3246 3094 3331 hoc
3153 3274 3405 3359 opere
3458 3246 3775 3333 multos

1002 3377 1399 3473 invenies»,
1454 3402 1665 3486 quos
1722 3402 2003 3459 rerum
2060 3374 2432 3458 fortassis
2485 3374 2998 3459 Scoticarum
3053 3376 3414 3489 ignarus
3471 3388 3562 3461 et
3615 3377 3776 3460 ini-

1006 3534 1225 3618 quus
1278 3532 1591 3603 censor,
1644 3504 2256 3589 haereticorum
2309 3502 2498 3587 albo
2565 3502 2956 3589 audacior
3001 3504 3492 3617 ascripserit.
3605 3506 3768 3589 Sed

1000 3648 1100 3717 ut
1137 3634 1423 3746 paucis
1460 3646 1549 3718 te
1586 3631 2029 3733 absolvam,
2066 3632 2468 3717 benevole
2507 3632 2790 3732 lector,
2837 3634 2906 3719 si
2953 3634 3164 3745 quid
3199 3634 3359 3719 hoc
3409 3634 3498 3717 in
3552 3632 3768 3718 libro

1001 3764 1285 3849 aliisve
1324 3763 1800 3874 Dempsteri
1840 3762 2562 3847 lucubrationibus
2601 3764 2676 3846 S.
2717 3762 2822 3846 R.
2861 3762 2963 3846 Ε.
3003 3766 3136 3877 cuj
3143 3790 3244 3847 us
3295 3759 3443 3847 ille
3487 3762 3766 3848 decre·

997 3905 1281 3976 torum
1317 3893 1531 3977 vixit
1568 3904 1657 3976 et
1692 3903 2079 3975 mortuus
2116 3901 2244 3975 est
2279 3892 3074 3993 observantissimuS,
3111 3892 3393 3976 minus
3429 3890 3768 4004 placens

998 4020 1497 4121 invenietur,
1538 4019 1628 4103 id
1664 4046 1913 4103 omne
1952 4032 2474 4132 expunctum
2513 4020 2616 4107 iri
2653 4018 3162 4134 pollicentur
3189 4022 3432 4106 Scoti.
3531 4020 3766 4121 Vale,

998 4180 1158 4235 ΧΠ.
1200 4150 1347 4235 cal.
1386 4152 1607 4264 Sept.
1650 4178 2194 4235 c1cncxxv11.
