4384 5817
1251 557 1610 628 GENTIS
1655 555 2217 636 sco‘romm,
2264 555 2445 626 Lm.
2496 556 2617 626 1v.
2712 535 2725 546 '
3213 557 3339 620 225

1393 864 1468 938 S.
1521 861 2196 938 DESIGNATUS.
2300 867 2470 938 414.

535 1103 612 1174 S.
647 1101 1210 1182 DESIGNATus,
1243 1095 1438 1170 filius
1471 1097 1674 1170 ducis
1705 1097 2040 1170 Dalensis
2073 1117 2166 1168 ex
2198 1095 2348 1168 filia
2378 1097 2570 1190 regis
2616 1093 2917 1179 Scotiae,
2962 1095 3333 1188 episcopus

541 1217 1026 1312 Trajectensis
1077 1231 1266 1286 x111.
1359 1213 1541 1287 Ant.
1595 1214 2090 1289 Monchiacen.
2133 1211 2563 1286 Demochar.
2610 1212 2745 1284 lib.
2796 1228 2885 1282 11.
2938 1211 3027 1282 de
3074 1207 3330 1282 Sacris.
3423 1209 3431 1217 ‘

543 1335 816 1408 Missae
847 1355 1002 1425 cap.
1039 1349 1312 1406 xxxv·
1411 1330 1718 1424 Scripsit

834 1449 958 1521 Ad
991 1447 1390 1524 Ecclesiam
1422 1469 1631 1520 suam
2326 1445 2453 1518 lib.
2490 1461 2543 1516 1.

633 1567 894 1638 Sedere
925 1565 1160 1659 coepit
1190 1586 1382 1635 anno
1416 1580 1659 1635 Dvnl.
1694 1562 1878 1638 obiit
1909 1585 2100 1636 anno
2133 1579 2313 1633 Dxl.

1035 1908 1849 1984 DUNFERMELINI
1902 1907 2439 1981 CHRONICU
2440 1908 2546 1980 M.
2649 1911 2819 1979 415.

529 2145 1417 2216 DUNFEBMELINENSIS
1487 2142 1806 2214 coenobii
1874 2143 2094 2212 codex
2159 2140 2307 2212 fuit
2371 2141 2927 2223 vetustissimus,
2988 2149 3063 2212 et
3116 2148 3329 2212 notae

533 2261 868 2352 optimae,
911 2259 1042 2330 sed
1089 2279 1451 2348 anonymo
1495 2267 1833 2342 auctore3
1879 2267 2082 2349 puto,
2130 2280 2175 2327 a
2220 2257 2471 2328 multis
2520 2255 2887 2327 monachis
2937 2257 3329 2328 successive

531 2377 866 2467 scriptus,
905 2384 992 2447 ut
1023 2397 1108 2446 eo
1141 2377 1380 2446 seculo
1413 2375 1788 2446 usitatum.
1894 2371 1968 2445 Is
2011 2380 2265 2465 postea
2305 2373 2615 2444 donatus
2655 2373 3089 2444 monasterio
3134 2373 3210 2443 N
3210 2396 3328 2445 eu-

529 2493 746 2563 botle.
825 2490 998 2563 Non
1021 2490 1197 2575 vidi,
1223 2492 1349 2562 sed
1377 2489 1788 2560 Richardus
1823 2489 2118 2561 Brunus
2153 2489 2234 2558 in
2266 2489 2801 2560 collectionibus
2834 2489 2987 2562 suis
3020 2488 3331 2561 Ecclesi-

531 2608 793 2680 asticae
827 2606 1198 2680 Historiae
1229 2605 1612 2678 Scotorum
1641 2627 1854 2698 saepe
1889 2605 2242 2678 meminit.
2344 2603 2695 2699 Elogium
2726 2606 2793 2678 ei
2832 2617 3007 2689 erat,

823 2721 1056 2795 Vetus
1089 2722 1496 2794 chronicon
1528 2718 2058 2793 Dunfermelini
2323 2720 2449 2792 lib.
2486 2737 2542 2792 Ι.

630 2838 1106 2910 Perveniebat
1138 2837 1228 2908 ad
1263 2859 1536 2909 annum
1571 2853 1988 2908 MCCCCLX.

1089 3065 1141 3138 J
1141 3066 1610 3140 OSEPHUS
1656 3065 2490 3140 DUNDRANENSIS.
2594 3068 2764 3141 416.

527 3301 577 3370 J
582 3317 942 3372 osssrnus
988 3300 1562 3384 Dundranensis,
1601 3299 1900 3373 celebris
1943 3298 2389 3372 Dundranae
2438 3303 2855 3374 monasterii
2902 3305 2982 3373 in
3014 3301 3332 3374 Gallovi-

526 3418 668 3500 dia,
713 3417 908 3510 quod
953 3415 1352 3512 Fet-gusius
1399 3437 1634 3488 comes
1681 3414 2043 3500 fundarat,
2097 3418 2458 3500 alumnus,
2512 3416 3007 3492 cisterciensis
3058 3419 3330 3490 ordinis

527 3533 944 3616 monachus,
977 3555 1062 3608 ac
1091 3539 1344 3625 postea
1375 3531 1598 3624 prior.
1699 3530 2006 3623 Scripsit

821 3647 933 3720 De
966 3647 1374 3720 illustribus
1409 3647 1709 3719 Ordinis
1741 3647 1858 3719 sui
1890 3643 2094 3718 Viris
2319 3650 2443 3722 lib.
2484 3669 2535 3720 1.

821 3763 936 3837 De
967 3763 1401 3858 quibusdam
1435 3763 1718 3834 Sanctis
2320 3764 2445 3836 lib.
2486 3783 2536 3835 1.

823 3879 1202 3952 Sermones
1233 3901 1364 3970 per
1395 3901 1666 3950 annum
2315 3881 2440 3953 lib.
2480 3899 2533 3952 1.

818 3994 1166 4067 Lecturas
1199 3995 1280 4066 in
1311 3993 1716 4089 Evangelia
2317 3997 2441 4069 lib.
2482 4016 2532 4068 1.

623 4111 962 4184 Florebat
993 4132 1184 4183 anno
1223 4127 1508 4182 mccxc
1517 4127 1568 4179 1.

1072 4339 1628 4413 PATRICIUS
1675 4338 2495 4414 DRYBURGENSIS.
2602 4348 2770 4423 417.

521 4573 974 4644 ΡΑΤΒῙΟΠΙΒ
1065 4571 1632 4666 Dryburgensis,
1717 4572 2109 4646 monachus
2194 4574 2711 4649 Benedictinus
2798 4579 3327 4652 reformationis

519 4688 1278 4771 Praemonstratensis,
1397 4686 1892 4780 philosophus,
2015 4688 2420 4786 theologus,
2540 4701 2803 4778 orator,
2926 4719 3008 4767 ac
3113 4707 3325 4788 poeta

517 4827 696 4876 aevo
761 4825 893 4876 suo
959 4803 1292 4888 eximius,
1359 4803 1556 4895 apud
1621 4811 1979 4877 nostrates
2045 4802 2347 4878 florebat
2412 4808 2587 4882 dum
2672 4812 3033 4902 tyrannici
3116 4813 3323 4905 spiri-
