4384 5817
1067 541 1154 604 42
1831 537 2297 610 HISTORIA
2340 535 3083 610 EchEslAs‘rmA

1925 821 2003 918 ε’.
2052 843 2198 918 so.
2248 839 2791 918 mmonm.
2892 839 3015 918 64.

1067 1075 1143 1149 S.
1175 1073 1566 1150 Jonmms
1597 1071 1972 1174 Airigena,
2007 1097 2136 1148 seu
2168 1073 2515 1172 Erigsns,
2558 1072 2951 1148 monachus
3000 1071 3275 1148 ordinis
3318 1071 3415 1148 D.
3460 1073 3859 1162 median

1065 1191 1159 1263 ab
1213 1188 1399 1262 Aira
1454 1192 1718 1284 oppido
1771 1191 2335 1286 haudquaquam
2390 1187 2751 1272 incelebri,
2806 1189 2965 1262 sive
3019 1187 3197 1274 Era,
3254 1213 3651 1288 cognomen
3709 1214 3857 1265 sor-s

1067 1305 1274 1392 titus,
1333 1314 1422 1378 ut
1473 1327 1668 1380 nunc
1718 1309 1938 1382 etiam
1995 1308 2074 1379 in
2130 1306 2349 1380 Italis
2404 1305 2737 1378 videmus
2790 1305 3225 1378 clari-simos
3278 1305 3475 1380 vims
3532 1327 3583 1378 a
3626 1308 3861 1380 muni-

1065 1421 1270 1514 cipiis
1319 1423 1472 1494 suis
1520 1422 1950 1520 cognomina
1995 1423 2360 1496 asciscere.
2458 1417 2711 1494 Abbas
2766 1418 3293 1494 vercellen-int
3342 1429 3391 1466 “
3436 1419 3579 1496 Vir
3634 1424 3861 1495 excel-

1063 1537 1281 1610 lentis
1328 1538 1630 1634 ingenii,
1677 1537 1953 1611 Graeca
1999 1547 2074 1611 et
2123 1536 2393 1610 Latina
2438 1537 2765 1609 eruditus
2816 1537 3133 1632 lingua?
3230 1535 3443 1610 Joan.
3500 1535 3857 1612 Tn'fflem.

1067 1649 1194 1725 lib.
1225 1667 1314 1724 11.
1339 1652 1430 1724 de
1455 1653 1612 1726 Vir.
1639 1653 1902 1726 illustr.
1929 1653 2188 1726 ordin.
2216 1651 2292 1724 S.
2318 1651 2693 1724 Benedicti
2726 1673 2879 1746 cap.
2908 1667 3140 1723 XLVI.
3240 1649 3445 1724 Idem
3476 1649 3861 1750 Scotigena

1065 1765 1324 1841 dictus.
1375 1767 1778 1842 Germanus
1805 1755 1910 1840 'in
1954 1759 2407 1842 Bibliotheca
2446 1787 2539 1839 ex
2586 1765 3015 1839 Trithemio.
3066 1763 3361 1862 Collega
3388 1765 3510 1838 hic
3538 1765 3857 1852 Alcuini,

1067 1903 1234 1954 cum
1286 1905 1372 1956 eo
1417 1905 1466 1955 a
1511 1883 1754 1956 Scotia
1799 1885 1879 1956 in
1927 1882 2201 1956 Gallias
2256 1883 2351 1954 ad
2408 1882 2749 1955 Cal-olum
2806 1880 3165 1976 Magnum
3222 1879 3606 1974 profectus,
3664 1883 3863 1955 Tici-

1063 1998 1307 2070 nensis
1354 1997 1638 2072 scholae
1687 1997 2030 2072 fundator
2071 1997 2239 2070 fuit.
2340 1995 2571 2070 Iidem
2614 2005 2939 2070 auctores
2983 1997 3113 2091 qui
3156 2017 3377 2090 supra
3419 1997 3499 2069 in
3538 1992 3859 2072 Alexim

1065 2112 1343 2186 abbate.
1449 2113 1670 2184 Hunc
1701 2113 1886 2186 falso
1929 2135 2096 2184 cum
2139 2111 2192 2183 J
2191 2135 2423 2185 oanne
2464 2111 2701 2196 Scoto,
2746 2112 2875 2205 qui
2922 2110 3423 2184 Hiemi-chiam
3454 2111 3551 2184 D.
3584 2111 3861 2208 Diony-

1063 2227 1157 2298 sii
1207 2226 1550 2301 Latinam
1597 2227 1794 2311 fecit,
1843 2227 2319 2311 confundunt,
2367 2235 2444 2299 et
2488 2225 2570 2296 in
2616 2225 2733 2297 his
2780 2224 3115 2298 Andreas
3157 2223 3569 2312 Duvallius,
3612 2229 3860 2302 doctor

1061 2339 1518 2426 Sorbonimffi
1549 2343 1630 2414 in
1661 2344 1854 2415 notis
1884 2342 1979 2415 ad
2003 2342 2273 2414 librum
2296 2339 2657 2412 Ecclesiae
2682 2337 3193 2436 Lugdunensis
3219 2361 3244 2425 ς
3278 2361 3449 2414 nam
3472 2343 3593 2415 hic
3614 2350 3857 2416 noster

1061 2459 1378 2549 aequalis
1423 2457 1571 2530 fuit
1617 2457 1882 2530 Carolo
1926 2456 2224 2552 Magno,
2276 2457 2399 2528 ille
2446 2475 2621 2527 vem
2668 2471 2802 2531 xc·
2852 2456 3065 2528 annis
3116 2456 3293 2530 totis
3339 2465 3589 2552 postea
3642 2457 3852 2530 vixit.

1065 2569 1350 2665 Scripta
1379 2571 1474 2644 ab
1505 2595 1592 2644 eo
1623 2583 1796 2645 sunt
1823 2591 1872 2644 ε·

1353 2687 1470 2759 De
1504 2687 2166 2759 Praedestinatione
2890 2726 2899 2737 ·
2942 2685 3069 2760 lib.
3106 2703 3164 2758 1.

1355 2801 1472 2873 De
1505 2800 1991 2874 Praescientia
2021 2802 2271 2874 divina
2942 2801 3069 2876 lib.
3107 2819 3161 2876 1.

1356 2917 1473 2989 De
1503 2937 1678 2988 vera
1707 2916 2007 2987 humani
2038 2915 2353 2988 Arbitrii
2386 2911 2755 2988 Libertate
2936 2917 3063 2989 lib.
3102 2935 3157 2989 1.

1354 3030 1722 3126 Dogmata
1754 3030 2261 3123 Philosophica
2942 3031 3069 3104 lib.
3106 3049 3159 3103 1.

1357 3144 1856 3238 Epistularum
1887 3145 1982 3216 ad
2013 3146 2336 3218 diversos
2938 3147 3065 3219 lib.
3103 3165 3157 3218 1.

1359 3259 1758 3356 Theologia
1789 3259 2095 3353 mystica
2944 3262 3068 3334 lib.
3106 3279 3161 3333 1.

1061 3375 1336 3448 Contra
1387 3395 1576 3467 quae
1631 3375 1868 3446 editus
1928 3383 2038 3444 est
2097 3373 2281 3446 liber
2334 3371 2699 3446 Ecclesiae
2752 3373 3263 3472 Lugdunensis
3317 3379 3605 3478 nomine
3660 3382 3843 3456 circa

1057 3510 1330 3562 annum
1364 3505 1652 3560 θῦσαι..
1687 3511 1850 3560 cum
1885 3489 2209 3560 nondum
2241 3489 2477 3562 adhuc
2510 3486 2563 3558 J
2562 3511 2827 3562 oannes
2870 3490 3148 3576 scotus,
3182 3489 3647 3568 Hierarchiae
3687 3519 3841 3570 ver-

1056 3625 1199 3689 sor,
1231 3611 1470 3678 natus.
1543 3603 1750 3696 Opus
1781 3611 2024 3676 autem
2056 3603 2243 3674 illud
2273 3611 2473 3676 extat
2504 3613 2681 3676 tom.
2710 3622 2829 3678 11.
2852 3605 2979 3679 SS.
3006 3605 3333 3680 Patr-um.
3404 3607 3603 3683 Huic
3624 3611 3843 3690 etiam

1057 3719 1512 3794 Bibliotheca
1545 3719 1828 3803 tribuit,
1861 3719 1990 3813 qui
2021 3717 2233 3791 alteri
2263 3716 2316 3788 J
2314 3719 2531 3792 oanni
2562 3719 2987 3794 adbuc-dun
3019 3721 3203 3794 liber
3230 3731 3365 3809 est,
3394 3731 3483 3798 ut
3512 3745 3647 3799 suo
3684 3727 3841 3799 loco

1057 3833 1322 3907 docebo
1352 3835 1567 3906 infra.

1354 3947 1468 4020 De
1499 3949 1880 4020 Divisione
1913 3945 2239 4022 Naturae
2930 3949 3057 4024 lib.
3094 3972 3149 4025 1.

1351 4061 1465 4134 De
1498 4061 1818 4156 Corpore
1845 4071 1922 4134 et
1952 4062 2319 4158 Sanguine
2350 4061 2646 4136 Domini
2934 4065 3063 4138 lib.
3098 4085 3153 4140 1.

1277 4239 1288 4247 .
1349 4175 1465 4249 De
1497 4177 1973 4248 immaculatis
2007 4176 2383 4269 Mysteriis
2461 4231 2472 4238 -
2931 4181 3059 4254 lib.
3094 4199 3150 4257 1.

1353 4291 1467 4364 De
1501 4291 1703 4376 Fide,
1737 4300 1988 4363 contra
2017 4289 2401 4378 Barbaros,
2926 4297 3053 4371 lib.
3090 4315 3147 4370 1.

1350 4407 1464 4480 De
1499 4407 1946 4479 instituenda
1972 4404 2025 4476 J
2023 4417 2373 4481 uventute
2925 4411 3051 4485 lib.
3088 4431 3143 4485 1.

1349 4522 1937 4616 Paraphrasticos
1969 4521 2241 4594 Tomos
2926 4527 3052 4599 lib.
3090 4547 3145 4600 1.

1159 4635 1406 4734 Hujus
1437 4638 1669 4710 nostri
1702 4655 1896 4734 ergo,
1929 4639 2126 4731 quod
2155 4637 2400 4725 sciam,
2432 4647 2718 4714 tantum
2748 4639 2923 4714 baec
2953 4651 3151 4716 sunt.

1349 4751 1464 4827 De
1494 4751 1765 4826 Officiis
1796 4751 2132 4828 humanis
2922 4755 3049 4830 lib.
3084 4773 3140 4829 1.
