4384 5817
1031 500 1164 564 200
1809 497 2279 567 HISTORIA
2327 497 3087 569 ECCLESIASTICA

1033 693 1122 762 de
1154 689 1418 785 quibus
1463 689 1568 760 nil
1614 689 1809 761 aliud
1855 691 2156 784 reperio,
2198 690 2343 760 nisi
2372 689 2571 783 quod
2600 711 2847 762 omnes
2878 689 3191 762 ecclesiis
3222 689 3555 784 regendis
3584 699 3831 782 postea

1031 829 1196 878 cum
1216 805 1508 897 pietatis
1535 807 1914 898 praeconio
1947 806 2096 876 sint
2127 804 2494 898 praefecti.
2594 803 2994 877 Duodecim
3026 806 3465 878 monasteria
3494 807 3827 888 condidit,

1033 920 1447 1013 Scripturae
1497 943 1740 992 sacrae
1789 921 2102 992 codicem
2158 943 2440 1014 semper
2496 941 2736 992 secum
2794 921 2991 1004 tulit,
3040 919 3471 1016 pelagianae
3524 921 3831 992 haeresis

1027 1037 1368 1128 reliquias
1417 1038 1654 1109 adhuc
1703 1047 2066 1128 serpentes
2122 1037 2417 1130 penitus
2464 1036 2801 1108 extinxit.
2902 1035 3105 1108 Inter
3154 1045 3472 1108 caeteros
3526 1058 3695 1108 vero
3738 1057 3831 1106 ex

1029 1149 1310 1224 Scotica
1373 1163 1590 1247 gente
1657 1152 2084 1245 apostolicos
2153 1153 2353 1224 viros
2410 1153 2491 1224 in
2544 1149 2822 1247 Anglia
2877 1153 3118 1223 sedem
3176 1150 3640 1244 proferendae
3686 1153 3829 1222 vir-

1028 1270 1206 1339 tutis
1275 1269 1514 1362 elegit,
1583 1282 1657 1341 et
1721 1269 1964 1340 sedem
2023 1267 2677 1362 archiepiscopatus
2732 1266 2828 1339 ab
2882 1265 3062 1338 urbe
3118 1264 3527 1361 Legionum
3584 1267 3827 1339 Mene-

1024 1385 1220 1454 viam
1273 1383 1671 1467 transtulit,
1735 1381 2068 1454 Arthuro
2126 1405 2297 1478 rege
2366 1385 2673 1466 volente,
2739 1383 3362 1477 inauguratusque
3426 1393 3537 1454 est
3602 1383 3829 1455 archi-

1024 1500 1422 1591 episcopus,
1473 1497 1773 1570 Giraldo
1823 1508 2136 1572 auctore.
2198 1498 2525 1594 Anglum
2586 1497 2978 1569 Lelandius
3026 1496 3261 1569 facere
3308 1505 3421 1569 est
3466 1521 3705 1582 ausus,
3754 1507 3828 1570 et

1023 1637 1190 1686 eum
1267 1623 1554 1686 secutus
1639 1623 1969 1706 apostata
2053 1615 2387 1696 Balaeus,
2470 1621 3105 1705 remeaturumque
3186 1613 3345 1707 ejus
3426 1612 3823 1685 ineruditus

1021 1732 1353 1802 collector
1385 1728 1435 1799 J
1436 1752 1702 1801 oannes
1737 1729 2094 1816 PitsaeuS,
2127 1731 2256 1802 sed
2286 1730 2515 1815 falso;
2572 1731 2963 1802 reclamant
2996 1729 3211 1813 enim,
3245 1737 3320 1801 et
3352 1729 3583 1800 civem
3616 1751 3825 1800 suum

1021 1846 1390 1918 vindicant
1445 1848 1737 1917 annales
1796 1846 2052 1928 nostri,
2107 1855 2180 1918 et
2239 1848 2396 1918 vita
2448 1845 2607 1940 ejus
2664 1845 2939 1916 incerto
3002 1852 3294 1915 auctore
3346 1845 3537 1937 apud
3588 1843 3825 1915 Hove-

1017 1961 1178 2033 den.
1241 1963 1367 2034 sed
1423 1965 1656 2036 multo
1713 1963 1948 2056 magis
2007 1957 2375 2034 Henricus
2433 1961 2801 2033 Sinclarus
2860 1981 2951 2030 ex
3018 1958 3374 2031 Gaufrido
3440 1959 3823 2030 Meneven-

1018 2079 1082 2149 si
1119 2080 1195 2150 id
1231 2081 1470 2170 ipsum
1502 2079 1765 2172 probat
1799 2080 1922 2151 lib.
1963 2097 2050 2150 11.
2103 2077 2305 2150 Hist.
2362 2088 2407 2122 ‘⁶
2438 2077 2759 2150 Amabat
2802 2074 3051 2146 Scotos
3096 2097 3287 2160 suos,
3334 2076 3461 2146 sed
3502 2097 3666 2146 raro
3704 2097 3821 2146 eos

1013 2193 1392 2266 Britannis
1429 2195 1840 2286 praetulit.’'
1939 2191 2134 2288 Ejus
2169 2203 2390 2266 sunt:
3191 2222 3199 2228 ·

1311 2310 1434 2382 Ad
1467 2309 1880 2382 Arthurum
1917 2309 2195 2405 Regem
2226 2309 2601 2401 Epistulae
2922 2305 3049 2379 lib.
3087 2324 3141 2378 1.
3176 2297 3356 2378 Fu‘it
3390 2306 3509 2378 hic
3539 2315 3822 2398 porten-

1411 2435 1610 2498 tosae
1661 2445 1770 2496 lv.
1823 2425 2233 2496 cubitorum
2283 2435 2625 2510 staturae,
2674 2431 2771 2510 et,
2820 2433 2907 2497 ut
2952 2423 3139 2494 falso
3172 2424 3451 2504 volunt,
3502 2422 3817 2518 eJusdem

1411 2539 1728 2612 Arthuri
1765 2563 2008 2631 nepos.

1312 2655 1802 2727 Homiliarum
1834 2656 1914 2725 in
1947 2653 2353 2752 Evangelia
3012 2653 3137 2726 lib.
3179 2674 3229 2725 1.

1313 2772 1588 2844 Contra
1622 2770 2050 2866 Pelagianos
3012 2770 3137 2841 lib.
3176 2787 3229 2839 1.

1310 2886 1619 2958 Decreta
1653 2886 1926 2979 Synodi
1963 2886 2465 2960 Wictoriensis
3011 2885 3135 2958 lib.
3174 2903 3226 2956 1.

1305 3003 1420 3074 De
1455 3003 1740 3098 Regula
1773 3002 2333 3074 coenobitarum
3012 3001 3137 3076 lib.
3178 3018 3233 3070 Ι.

1109 3115 1319 3189 Vixit
1352 3139 1578 3188 annos
1613 3133 1896 3187 CXLVI.
1939 3118 2232 3207 praesul
2276 3127 2387 3188 est
2418 3124 2869 3190 consecratus
2914 3139 3106 3188 anno
3140 3131 3417 3185 Dxxn.
3468 3115 3652 3187 sedit
3692 3137 3819 3188 an-

1007 3234 1124 3304 nis
1179 3251 1376 3304 LXV.
1427 3244 1514 3306 ut
1561 3254 1848 3304 necesse
1899 3234 1995 3303 sit
2045 3232 2307 3303 obiisse
2356 3234 2561 3304 illum
2612 3255 2802 3305 anno
2852 3247 3306 3303 DLxxxvn.
3366 3251 3533 3300 cum
3576 3239 3819 3304 tamen

1009 3349 1134 3418 alii
1169 3356 1476 3419 mortem
1511 3347 1667 3441 ejus
1700 3347 2034 3440 rejiciant
2068 3347 2146 3416 in
2180 3369 2451 3418 annum
2486 3365 2650 3419 nel.
2685 3348 2901 3442 quod,
2936 3357 3023 3419 ut
3057 3367 3311 3418 verum
3336 3347 3459 3429 sit,
3492 3348 3703 3442 longe
3724 3347 3819 3418 ab

1009 3462 1324 3535 Arthuri
1373 3485 1549 3535 aevo
1596 3464 1848 3533 aberit.
1953 3461 2158 3532 Inter
2202 3461 2329 3533 SS.
2378 3465 2647 3535 relatus
2693 3473 2803 3536 est
2851 3462 3139 3536 Calixto
3175 3460 3277 3535 11.
3314 3479 3391 3532 D.
3434 3471 3599 3554 post
3628 3485 3817 3534 mor-

1010 3589 1156 3651 tem
1193 3581 1426 3650 annis.
1528 3578 1853 3674 Injurius
1888 3588 1996 3649 est
2031 3581 2096 3648 ei
2129 3578 2443 3669 perfidus
2478 3588 2552 3651 et
2584 3581 2913 3672 impurus
2947 3577 3265 3651 Joannes
3298 3577 3571 3663 Foxus,
3604 3579 3809 3673 cujus

1009 3717 1100 3764 ne
1135 3695 1434 3786 spiritus
1471 3695 1760 3786 quidem
1797 3715 2046 3785 purus.
2132 3693 2419 3765 Colitur
2454 3713 2505 3764 1.
2542 3694 2819 3767 Martii.
2909 3697 3183 3767 Molan.

1927 3924 2002 3995 S.
2053 3923 2638 3998 DEVINICUS.
2740 3925 2910 4000 064.

1009 4156 1086 4228 S.
1146 4155 1638 4238 Dssvmmus,
1709 4165 1753 4198 ‘⁶
1803 4154 2110 4249 insignis
2177 4155 2581 4242 sanctitate,
2639 4158 2975 4250 vitaeque
3032 4158 3510 4240 innocentia,’‘
3576 4159 3814 4250 inquit

1012 4271 1115 4343 H.
1162 4271 1420 4342 Boeth.
1467 4271 1592 4340 lib.
1645 4289 1761 4340 lx.
1811 4268 2008 4341 Hist.
2057 4269 2315 4341 Scotic.
2368 4271 2449 4341 in
2498 4271 2659 4344 fine.
2735 4272 3309 4345 Archidiaconus
3355 4271 3523 4356 fuit,
3580 4281 3667 4343 ut
3723 4294 3815 4343 ex

1009 4386 1386 4460 annalibus
1439 4385 1882 4457 nostratibus
1942 4394 2271 4468 constan
2334 4397 2505 4459 sunt
2564 4399 2807 4458 tamen
2862 4390 2989 4480 qui
3038 4388 3472 4460 monachum
3520 4397 3809 4460 tantum

1008 4503 1301 4584 faciant,
1369 4510 1444 4572 et
1511 4500 1812 4572 Parisiis
1863 4499 2296 4595 theologiam
2356 4500 2804 4593 professum:
2874 4505 2999 4574 sed
3056 4527 3308 4575 revera
3366 4514 3441 4575 et
3502 4503 3813 4595 suscepit

1009 4619 1522 4710 episcopatum,
1583 4625 1656 4686 et
1723 4625 2136 4706 susceptum
2204 4617 2649 4689 sanctissime
2705 4617 3290 4702 administravit;
3364 4643 3511 4712 qua
3568 4629 3809 4689 tamen

1011 4733 1212 4816 urbe,
1245 4734 1325 4803 in
1368 4731 1606 4824 patria
1653 4752 1748 4802 an
1797 4730 1991 4813 alibi,
2048 4732 2243 4804 haud
2287 4732 2496 4804 facile
2544 4733 3047 4817 divinaverim,
3096 4743 3276 4826 puto
3322 4745 3563 4806 tamen
3618 4735 3809 4826 apud
