4384 5817
1278 537 1636 610 GENTIS
1680 534 2242 618 sco'roRUM,
2285 533 2468 604 LIB.
2505 535 2602 606 11.
3223 533 3356 598 108

849 729 1207 805 Homilias
1852 777 1859 786 -
2437 725 2560 798 lib.
2598 743 2654 797 1.

646 847 853 922 Obiit
878 869 1071 922 anno
1108 862 1498 921 uccxxu.
1607 842 2050 918 Scotichron.
2086 841 2214 914 lib.
2249 857 2368 914 1x.
2401 861 2556 934 cap.
2593 857 2928 915 mvn.

1231 1017 1825 1150 cassurus
1870 1071 2382 1147 BRomws.
2485 1076 2518 1144 1
2531 1077 2654 1145 ει.

546 1309 1027 1384 Grnnnnrus
1056 1307 1421 1394 Brennus,
1457 1305 1800 1382 coenobii
1832 1305 2029 1380 Novi
2062 1305 2143 1376 in
2172 1303 2416 1379 Scotia
2437 1301 2680 1386 abbas.
2757 1302 2848 1376 Id
2869 1325 3000 1380 rex
3021 1327 3338 1379 avuncu-

546 1427 621 1496 lo
666 1447 833 1528 meo
875 1423 1233 1498 Gulielmo
1280 1420 1601 1506 Leslaeo,
1648 1443 2001 1516 equorum
2046 1443 2346 1496 suorum
2389 1419 2768 1515 praefecto,
2812 1420 3002 1494 dono
3043 1421 3338 1496 dederat

546 1561 711 1611 cum
744 1538 1177 1612 investitura
1207 1535 1603 1633 singulari3
1638 1545 1719 1608 at
1741 1557 1907 1608 cum
1940 1537 2033 1610 ad
2062 1535 2286 1634 hujus
2309 1557 2568 1609 manus
2593 1535 3016 1621 devenisset,
3043 1537 3342 1612 titulum

547 1653 1094 1726 ecclesiasticum
1152 1651 1341 1724 mira
1394 1649 1723 1726 libertate
1776 1653 2145 1739 restituit3
2221 1674 2368 1746 quo
2425 1651 2715 1725 nomine
2771 1673 2817 1724 a
2871 1651 3340 1744 praefervidis

544 1768 903 1840 Sathenae
958 1765 1315 1842 ministris
1369 1764 1799 1864 exagitatus,
1854 1767 2238 1860 probitatis
2293 1787 2466 1840 suae
2519 1769 2788 1860 poenas
2843 1767 3044 1840 dedit
3099 1769 3338 1844 exilio.

544 1883 963 1976 Scripserat,
994 1890 1127 1956 aut
1156 1881 1399 1956 verius
1430 1883 1511 1954 in
1540 1900 1771 1954 unum
1802 1903 2061 1976 corpus
2092 1889 2656 1966 coacervaverat,

841 1997 1103 2092 Capita
1132 1997 1339 2070 Fidei
1368 2005 1851 2082 controversa,
1880 2019 2067 2091 quae
2088 1996 2432 2070 sectarius
2455 1995 2786 2068 minister
2805 1995 2857 2068 J
2855 2017 3018 2072 oan.
3046 1997 3342 2074 Welshe

937 2115 1419 2212 impugnavit,
1440 2113 1565 2188 lib.
1602 2131 1661 2186 1.

842 2227 1249 2304 Historiam
1280 2229 1587 2304 labentis
1616 2228 1699 2304 in
1728 2227 1970 2303 Scotia
2000 2225 2404 2326 Religionis
2436 2224 2846 2300 Catholicae
2875 2227 3004 2302 lib.
3039 2246 3094 2301 1.

642 2345 848 2418 Obiit
900 2343 1241 2418 Lutetiae
1288 2345 1555 2440 inopia,
1614 2366 1703 2420 ca
1748 2343 2173 2418 claritudine
2221 2341 2546 2438 indigna,
2593 2363 2785 2415 anno
2835 2355 3171 2418 uncam.
3223 2344 3342 2418 die

546 2479 724 2534 nv·
760 2458 970 2532 Maii.

1223 2631 1822 2731 meamus
1869 2603 2382 2730 nummus.
2486 2655 2653 2728 185.

546 2807 1039 2880 Rlcmmnus
1070 2806 1437 2894 Brennus,
1472 2809 1861 2902 superioris
1892 2828 2138 2902 nepos,
2172 2815 2248 2878 et
2277 2803 2476 2880 exilii
2507 2825 2766 2891 comes,
2793 2803 3126 2881 Lutetiae
3149 2810 3334 2883 serio

547 2922 755 2994 bonis
790 2921 1067 2996 artibus
1098 2922 1447 2997 incubuit.
1548 2921 1851 3017 Scripsit

838 3032 1331 3121 Additionem,
1364 3045 1493 3110 aut
1523 3035 2018 3132 Appendicem
2050 3037 2144 3111 ad
2174 3037 2421 3131 patrui
2455 3033 2882 3121 Historiam,
2916 3038 3040 3110 lib.
3078 3055 3130 3110 1.

642 3149 847 3224 Obiit
880 3149 1215 3226 Lutetiae
1244 3173 1435 3226 anno
1469 3169 1864 3226 uncxvn.

1453 3319 1603 3455 Jo.¹
1648 3381 2157 3458 BRoUNUS.
2263 3383 2428 3459 186.

544 3613 593 3686 J
596 3632 677 3688 0.
726 3612 1153 3702 Buouscs,
1184 3615 1765 3716 religiosissimus
1810 3615 2312 3703 Minimorum,
2357 3637 2542 3710 quos
2573 3624 2855 3700 vocant,
2899 3615 3174 3690 ordinis
3206 3617 3344 3690 sub

542 3731 787 3804 Sancti
832 3729 1199 3804 Francisci
1246 3731 1337 3804 de
1384 3725 1615 3804 Paula
1662 3733 1936 3829 regula,
1990 3733 2338 3818 sacerdos,
2389 3733 2658 3804 multos
2707 3752 2843 3824 pro
2891 3731 3030 3803 fide
3061 3731 3340 3806 labores

542 3865 945 3939 perpessus,
994 3843 1315 3938 inopiam
1362 3867 1447 3918 ac
1494 3847 1795 3920 carceris
1842 3847 2038 3941 apud
2086 3867 2256 3920 suos
2303 3841 2683 3940 populares
2739 3847 3212 3944 ignominiam
3269 3857 3344 3920 et

546 3959 897 4034 sustinuit
958 3981 1107 4034 non
1170 3963 1389 4054 semel
1452 3959 1761 4046 fortiter,
1814 3971 1893 4035 et
1946 3963 2223 4056 sprevit
2281 3983 2564 4056 semper
2618 3962 2950 4060 gloriose,
3011 3964 3343 4060 egregius

546 4073 825 4148 Christi
866 4077 1095 4162 miles,
1143 4075 1518 4152 haereseos
1554 4076 1993 4170 professores
2036 4077 2404 4151 multoties
2435 4097 2677 4150 coram
2709 4077 3174 4164 confundens,
3207 4074 3346 4152 Cs-

546 4189 852 4264 tholicae
882 4213 1137 4264 causae
1168 4193 1547 4266 veritatem
1578 4193 1904 4266 asseruit.
2006 4190 2313 4286 Scripsit
2335 4191 2624 4274 ,erudite

840 4303 955 4378 De
986 4304 1619 4381 Benedictionibus
1652 4325 1805 4378 xn.
1840 4304 2424 4384 Patria-charum
2531 4309 2658 4384 lib.
2695 4328 2750 4382 1.

848 4419 1123 4494 Contra
1152 4420 1469 4496 Judaeos
1501 4421 1593 4495 de
1625 4421 1987 4496 Trinitate
2537 4423 2662 4498 lib.
2701 4443 2755 4496 1.

844 4533 961 4608 De
992 4533 1492 4609 Incarnatione
2537 4539 2662 4614 lib.
2699 4558 2754 4610 1.

846 4647 963 4736 De
994 4649 1343 4723 Adventu
1376 4649 1685 4724 Messias
2537 4655 2664 4727 lib.
2703 4673 2760 4727 1.

843 4761 958 4836 De
989 4763 1223 4840 Beata
1260 4763 1557 4864 Virgine
2178 4831 2188 4838 .
2533 4768 2656 4841 lib.
2696 4787 2750 4840 1.
