4384 5817
990 499 1037 563 fi
1762 498 2230 571 HISTORIA
2271 499 3020 575 ECCLESIASTICA

1882 802 1961 875 S.
2011 801 2738 879 ADALBERTUS.
2839 814 2908 881 5.

1004 1035 1079 1107 S.
1114 1034 1705 1119 Ammianus,
1750 1035 1913 1109 aliis
1962 1033 2422 1119 Adelbertus,
2473 1036 2724 1135 Belgis
2771 1048 3094 1113 sancum
3138 1063 3430 1135 operam
3479 1045 3806 1127 navavit,

1005 1172 1223 1243 quem
1270 1149 1563 1223 Scotum
1608 1150 1912 1225 Natales.
1954 1150 2234 1225 Moloni
2279 1152 2689 1225 ostendunt.
2737 1151 3096 1225 Bonifacii
3141 1152 3338 1227 Seoti
3383 1156 3802 1249 discipulus,

1004 1288 1087 1339 ac
1119 1266 1247 1339 SS.
1282 1267 1447 1339 albo
1480 1268 1855 1361 ascriptus.
1960 1266 2318 1341 Trithem.
2353 1266 2481 1340 lib.
2517 1286 2641 1341 111.
2677 1268 2767 1341 de
2791 1266 2950 1341 Vir.
2985 1268 3254 1343 illustr.
3279 1270 3536 1345 Ordin-
3563 1272 3638 1345 8.
3667 1273 3810 1347 Be·

1000 1383 1269 1457 nedieti
1302 1404 1455 1477 cap.
1485 1396 1899 1457 ccxxvm.
1930 1394 2009 1457 et
2036 1384 2159 1455 lib.
2199 1400 2308 1455 ιν.
2343 1402 2498 1473 cap.
2527 1396 2742 1453 ccv1.
2815 1378 3100 1455 Relicta
3119 1382 3288 1457 sede
3311 1403 3443 1457 sue
3471 1382 3808 1459 Hie-ooo-

1001 1502 1235 1593 lymas
1281 1500 1649 1595 cogitavit,
1694 1500 1821 1572 sed
1863 1500 2216 1572 divinitus
2261 1494 2672 1570 admonitus
2716 1494 2952 1567 Roma
2994 1496 3232 1580 rediit,
3267 1508 3342 1569 et
3373 1520 3508 1591 pro
3537 1499 3678 1571 fide
3709 1501 3810 1573 ab

1004 1614 1412 1687 infidelibus
1460 1636 1727 1699 eamus,
1780 1614 2169 1687 Benedicto
2213 1612 2346 1687 VI.
2393 1608 2748 1703 pontifico,
2793 1618 2868 1682 et
2913 1610 3204 1687 Othone
3253 1612 3396 1691 111.
3443 1614 3806 1710 Augusto,

1006 1728 1281 1803 Culeno
1324 1752 1479 1803 rem
1526 1729 1881 1803 Sentium
1928 1730 2501 1805 administrante.
2603 1725 2946 1801 Meminit
2977 1726 3136 1823 eJus
3170 1726 3324 1803 Leo
3355 1728 3806 1801 Marsieanus

1006 1844 1387 1917 cardinalis
1440 1846 1564 1918 lib.
1629 1862 1716 1917 11.
1780 1845 1979 1919 Hist.
2040 1844 2281 1919 Oasin.
2335 1865 2492 1934 esp.
2549 1857 2768 1915 xvn.
2861 1839 3154 1918 Scotum
3213 1842 3438 1917 fuisse
3495 1845 3806 1917 declarat

1004 1963 1428 2052 opuseulum
1492 1959 1655 2033 MS.
1724 1962 1801 2035 in
1866 1961 2296 2036 bibliotheca
2361 1958 2574 2031 Pauli
2653 1956 2942 2031 Petavii
3017 1958 3370 2034 senatoris
3451 1958 3805 2031 Parisien-

1006 2096 1157 2147 sis:
1788 2138 1801 2147 .
1884 2142 1889 2147 .

1298 2190 1414 2261 De
1446 2190 1697 2263 divina
1729 2189 2246 2265 Misericordia.
2263 2187 2640 2267 Adelberti
2673 2188 2868 2263 Senti
3165 2188 3296 2261 lib.
3331 2206 3388 2259 1.

1104 2304 1389 2381 Floruit
1422 2328 1615 2381 anno
1646 2321 1945 2379 Dchv».
1994 2304 2376 2377 Praeterea
2419 2302 2494 2374 S.
2545 2301 2890 2381 Hieronis
2933 2302 3250 2381 concivis
3291 2304 3560 2378 dicitur
3591 2324 3636 2373 a
3667 2302 3808 2373 Re-

1009 2442 1183 2491 nero
1217 2419 1408 2493 Snoo
1442 2421 1568 2493 lib.
1605 2438 1684 2491 V.
1720 2418 2342 2497 Rer.·Bataviear.
2374 2439 2546 2513 pag.
2585 2434 2754 2489 LVI.
2807 2416 3000 2491 Vide
3035 2418 3163 2493 lib.
3199 2436 3382 2491 vul.
3427 2416 3621 2491 infra
3659 2419 3802 2491 hic.

1008 2536 1290 2607 Colitur
1323 2537 1401 2607 in
1433 2534 1821 2631 Egmonda
1854 2552 2056 2609 xxv·
2088 2532 2139 2605 J
2140 2535 2316 2606 unii.
2415 2531 2684 2607 Uvion.

1998 2766 2071 2837 S.
2120 2764 2642 2839 ADELMUS.
2743 2762 2814 2837 6.

1006 2998 1078 3071 S.
1132 2997 1575 3083 ADELMUS,
1636 3000 1791 3073 siva
1850 2996 2277 3080 Adhelmua
2335 2995 2490 3069 sive
2549 2996 3010 3082 Anthelmus,
3065 2998 3190 3071 sed
3246 3006 3322 3067 et
3367 2996 3804 3081 anthelmus,

1004 3124 1473 3209 cognomento
1498 3114 1925 3196 Bladuimm
1958 3120 2112 3195 aut,
2135 3120 2222 3185 ut
2249 3112 2616 3193 nonnullis
2641 3112 2903 3196 visum,
2927 3110 3384 3187 Durobellus.
3423 3122 3470 3155 ‘⁶
3493 3112 3806 3191 Sanctis·

1003 3229 1231 3299 simus
1264 3237 1338 3299 et
1382 3229 1909 3301 eruditissimus
1952 3227 2318 3311 Saxonum
2365 3226 2716 3319 praesul?
2813 3226 3024 3302 ὅσοι.
3071 3250 3114 3301 a
3159 3228 3476 3306 Chokier
3517 3229 3644 3301 lib.
3689 3246 3800 3301 ιν.

1007 3341 1357 3415 Thesaur.
1388 3342 1605 3415 Polit.
1632 3364 1781 3435 cap.
1808 3360 1896 3413 11.
1967 3342 2017 3412 J
2019 3362 2119 3413 ac.
2149 3340 2444 3413 Lectius
2469 3339 2686 3414 Notis
2711 3342 2803 3413 ad
2827 3341 3358 3437 Epigrammat.
3385 3354 3460 3415 et
3485 3343 3802 3415 Poemat.

1006 3466 1251 3529 vetera
1282 3481 1445 3553 pag.
1484 3474 1769 3529 exunt.
1808 3466 1853 3499 ‘⁶
1875 3456 2246 3528 Aldhelmi
2271 3454 2468 3527 Scoti
2491 3454 2932 3553 Aenigmata
2961 3478 3108 3528 non
3141 3459 3558 3550 putavimus
3589 3458 3802 3529 eden-

1005 3572 1162 3641 da.''
1261 3572 1528 3643 Graece
1560 3572 1977 3665 Latineque·
1994 3592 2220 3663 supra
2251 3592 2408 3641 eam
2442 3578 2752 3643 aetatem
2785 3569 3133 3646 eruditus.
3235 3570 3310 3643 S.
3347 3572 3622 3643 Kiliani
3657 3573 3802 3643 dis·-

1004 3688 1283 3779 cipulus
1317 3688 1395 3757 in
1434 3687 1706 3783 Anglia
1736 3684 2057 3770 florebat,
2102 3687 2210 3757 ait
2255 3667 2693 3781 Sigebertus,
2743 3707 2933 3757 anno
2967 3702 3305 3759 DCXCW.
3357 3687 3798 3759 Coenobium

1006 3804 1125 3873 hic
1168 3802 1837 3873 ·Ma:lmesburiense.
1879 3802 1957 3873 in
2014 3799 2290 3897 Anglia
2345 3801 2463 3893 pie
2519 3800 2759 3885 abbas,
2821 3798 3230 3892 Maldulphi
3279 3801 3476 3873 Scoti
3525 3824 3802 3899 sucees-

1008 3941 1150 4003 sor,
1190 3918 1423 3988 rexit:
1474 3916 1995 4003 Maildulbense
2029 3926 2262 4001 vocat,
2299 3926 2372 3989 et
2403 3916 2482 3987 in
2515 3914 2756 3989 Scotia
2797 3916 3094 3987 collocat
3139 3914 3494 4001 Trithem.
3539 3918 3664 3989 lib.
3713 3919 3802 3989 de

1005 4032 1267 4125 script.
1327 4032 1737 4104 Ecclesiast.
1798 4054 1962 4128 pag.
2026 4048 2395 4103 ccxmrn.
2456 4029 2648 4101 Nam
2705 4054 2869 4103 eum
2929 4030 3010 4103 in
3075 4028 3311 4115 Italia,
3383 4030 3791 4119 Germania,

1010 4147 1386 4241 Galliaque
1434 4148 1525 4219 ab
1575 4148 1869 4220 ineunte
1918 4155 2152 4219 aetate
2203 4146 2496 4237 optimis
2555 4146 2834 4219 artibus
2867 4146 3356 4230 incubuisset,
3413 4148 3522 4221 ita
3575 4150 3800 4219 musi-

1007 4286 1121 4337 ces
1171 4272 1245 4336 et
1294 4264 1603 4357 poetices
1653 4264 1903 4337 studia
1942 4260 2284 4349 exercuit,
2337 4270 2424 4333 ut
2467 4284 2616 4333 non
2663 4262 2906 4335 minus
2953 4263 3146 4333 inter
3203 4263 3800 4335 celebratissimos

1006 4381 1121 4451 sui
1170 4380 1331 4451 aevi
1380 4379 1749 4473 theologos
1796 4376 2204 4450 haberetur.
2305 4377 2548 4460 Quare
2598 4376 2767 4449 Inas
2827 4376 3372 4451 occidentalium
3429 4376 3798 4473 Saxonum

1006 4517 1137 4565 rex
1184 4516 1349 4565 eum
1400 4515 1663 4589 magno
1712 4494 1867 4567 loco
1915 4491 2214 4578 habuit3
2269 4494 2476 4587 cujus
2525 4492 2751 4563 filium
2803 4489 2979 4565 facit.
3024 4494 3505 4587 impudenter,
3549 4502 3636 4566 ut
3685 4516 3800 4567 so-

1004 4613 1129 4693 let,
1161 4619 1239 4681 et
1266 4610 1467 4684 nullo
1500 4616 1809 4699 auetore,
1854 4606 1905 4699 J
1906 4628 2172 4695 oannes
2215 4607 2686 4703 capgravius,
2731 4608 3012 4705 aliique
3041 4606 3200 4705 ejus
3243 4608 3520 4683 fal-inae
3549 4610 3796 4681 haere-

1012 4726 1184 4797 tici:
1235 4712 1382 4796 imo
1434 4748 1473 4795 e
1524 4722 1763 4797 Scotia
1812 4745 1973 4797 cum
2024 4719 2097 4795 S.
2148 4722 2581 4817 Maidulpho
2629 4745 2978 4819 egressus,
3023 4724 3536 4818 discipulorum
3569 4725 3798 4818 ipsius
