4384 5817
1217 529 1578 602 GENTIS
1623 529 2192 613 SCOTORUM,
2239 529 2423 600 LIB.
2472 533 2605 600 111.
3190 537 3313 599 185

496 724 1036 817 capucinorum
1079 722 1338 808 socius,
1389 723 1470 792 in
1517 722 1761 795 scotia
1807 743 1942 798 sua
1989 724 2259 796 multos
2308 724 2585 796 labores
2636 745 2770 816 pro
2820 721 3095 795 Christi
3148 746 3314 796 cau-

495 863 605 925 sa,
676 842 826 912 imo
891 848 965 910 et
1031 840 1486 911 vinculorum
1547 861 1693 910 non
1761 841 1980 912 semel
2050 841 2555 912 contumeliam
2624 861 2905 931 passus,
2976 838 3313 911 Lutetiae

497 957 775 1048 primas
855 954 1228 1026 cathedras
1305 957 1763 1027 concionator
1828 955 2088 1038 tenuit,
2163 977 2312 1026 non
2388 956 2629 1026 minus
2700 955 3027 1026 eruditus
3090 976 3313 1048 quam

493 1073 698 1163 pius:
743 1071 872 1143 diu
905 1073 1098 1163 apud
1139 1069 1568 1144 Austrasiae
1611 1073 1969 1164 principes
2015 1079 2367 1154 versatus,
2414 1071 2651 1142 ordini
2696 1093 2831 1142 suo
2869 1071 2949 1141 in
2993 1093 3153 1144 eam
3202 1092 3315 1140 re-

492 1187 789 1282 gionem
823 1187 1104 1259 aditum
1147 1185 1507 1278 patefecit,
1555 1196 1952 1260 conventus
1997 1185 2074 1258 N
2073 1187 2399 1258 aneeiani
2430 1194 2508 1258 et
2557 1185 3095 1278 Mussipontani
3144 1206 3315 1256 auc-

495 1311 639 1374 tor.
737 1300 1044 1396 Scripsit

801 1417 1076 1491 Contra
1107 1417 1575 1491 calvinianae
1612 1418 2007 1490 Haereseos
2041 1419 2415 1510 Principia
2592 1418 2719 1489 lib.
2758 1437 2809 1488 1.

686 1619 700 1641 ,
798 1532 1346 1626 Disputationes
1376 1557 1544 1606 >cum
1579 1533 1940 1607 Ministris
1971 1537 2323 1608 solemnes
2592 1535 2718 1607 lib.
2756 1553 2811 1604 1.

797 1647 1194 1720 Conciones
2594 1652 2720 1723 lib.
2759 1669 2814 1720 1.

801 1765 1226 1857 Spiritualia
1259 1768 1614 1858 quaedam
2596 1767 2723 1838 lib.
2764 1786 2816 1839 1.

602 1881 812 1954 Vivit
845 1883 1079 1952 adhuc
1109 1883 1191 1953 in
1217 1880 1494 1978 Belgio,
1519 1885 1647 1974 ubi
1670 1884 1972 1956 barones
1998 1881 2363 1967 Forbassi,
2392 1883 2671 1954 nonita
2694 1883 2977 1975 pridem
3002 1886 3307 1956 eundem

496 1998 828 2071 habitum
855 2009 862 2015 ‘
887 1997 1149 2081 induti,
1208 2008 1283 2069 et
1337 1999 1680 2071 vixerunt
1727 2009 1802 2072 et
1851 1999 2208 2082 obierunt,
2269 2021 2580 2091 quorum
2638 2001 2875 2094 major
2928 2000 3308 2072 sanctitate

497 2116 741 2198 claret,
765 2122 838 2186 et
864 2115 1018 2188 vita
1042 2115 1237 2187 edita
1265 2114 1404 2187 hoc
1435 2115 1674 2199 titulo,
1699 2109 1926 2187 Alter
1943 2110 2215 2187 Amic
2239 2141 2263 2185 .-
2300 2137 2448 2187 non
2472 2115 2646 2197 vidi,
2680 2115 2807 2186 sed
2828 2115 2979 2188 scio
3010 2115 3301 2188 editam.

1289 2345 1844 2422 CONRADUS
1895 2344 2237 2419 RUFFI.
2342 2351 2509 2419 325.

499 2580 952 2652 CONRADUS
1005 2579 1224 2663 Ruffi,
1273 2577 1782 2677 Sterlingensis
1833 2579 2377 2667 Dominicanus,
2440 2590 2487 2625 “
2536 2583 2654 2654 vir
2700 2581 3077 2656 literarum
3124 2583 3307 2656 divi-

497 2718 762 2768 narum
805 2698 1193 2781 studiosus,
1245 2705 1322 2768 et
1375 2697 1454 2767 in
1499 2696 1923 2769 scholastica
1965 2706 2040 2768 et
2089 2698 2723 2790 peripateticorum
2773 2699 3099 2774 doctrina
3148 2723 3306 2772 ver-

500 2813 767 2896 satus,'’
817 2814 920 2884 ait
969 2811 1338 2886 Antonius
1385 2811 1720 2884 Senensis
1765 2811 2164 2884 Lusitanus
2209 2816 2292 2887 in
2336 2812 2787 2887 Bibliotheca
2819 2812 3305 2888 Praedicator.
3453 2861 3459 2868 -

500 2927 806 3020 Scripsit

798 3042 1440 3117 Abbreviationem
1473 3041 1972 3136 Expositionis
2005 3044 2101 3118 D.
2139 3045 2467 3119 Thomae
2500 3049 2579 3119 in
2612 3047 3039 3144 Evangelia.

800 3160 1201 3233 Homiliam
1233 3183 1452 3255 super
1482 3160 1992 3255 Evangelium‚
2033 3169 2079 3203 ‘⁶
2112 3161 2368 3235 Stabat
2389 3164 2611 3258 juxta
2643 3165 2987 3248 crucem,”
3020 3161 3151 3236 &c-

801 3275 1200 3348 Homiliam
1234 3277 1314 3350 in
1348 3278 1530 3349 illud
1563 3274 1973 3372 Evangelii,
2021 3286 2066 3321 ‘⁴
2099 3275 2479 3348 Extollens
2514 3299 2761 3352 voeem
2794 3279 3055 3351 mulier
3086 3299 3301 3370 quae-

898 3394 1132 3478 dam,’'
1168 3391 1303 3466 &c

601 3507 942 3582 Florebat
971 3531 1164 3581 anno
1199 3525 1605 3582 Mcccxlx.

1120 3739 1556 3814 THOMAS
1602 3739 2407 3816 COLYNGHAMUS.
2510 3737 2680 3814 326.

502 3969 862 4045 ΤΗοΜΑε
912 3971 1476 4069 Colynghamus,
1527 3973 1920 4047 monachus
1969 3972 2485 4059 cisterciensis,
2537 3976 2837 4049 Parisiis
2881 3978 3293 4049 doctoratus

501 4091 840 4174 lauream,
900 4097 1286 4182 antequam
1340 4090 1773 4162 monachum
1830 4089 2204 4173 induisset,
2266 4101 2653 4164 assecutus.
2776 4091 3291 4166 commentarii

499 4201 893 4277 Sorbonici.
993 4201 1182 4298 Ejus
1216 4213 1328 4276 est
1359 4226 1540 4296 opus
1573 4207 1844 4277 serium
1877 4214 1951 4277 et
1981 4228 2205 4301 grave

796 4317 910 4390 De
954 4315 1438 4404 Eucharistia,
1482 4320 1642 4392 MS.
1689 4323 1769 4392 in
1815 4322 2248 4394 bibliotheca
2294 4321 2387 4396 D.
2438 4321 2778 4410 Victoris,
2826 4334 2902 4396 et
2949 4346 3291 4397 excusum

891 4433 1064 4504 olim
1096 4430 1432 4506 Lutetiae
1462 4457 1594 4528 per
1623 4434 1674 4505 J
1675 4459 1978 4510 oannem
2011 4436 2455 4533 cheyneum.

597 4543 911 4620 Vivebat
941 4571 1134 4623 anno
1168 4565 1785 4623 Moechxxvn.
