4384 5817
1105 515 1233 586 106
1838 513 2334 584 HISTORIA
2377 497 3128 583 EchEsusTch

1402 705 1689 780 Notas
1664 729 1743 780 ιιι
1780 717 2171 802 utrumque
2205 702 2756 778 Testamentum
3085 701 3214 774 lib.
3251 717 3306 774 1.
3513 735 3522 742 ·

1206 823 1494 897 Flomit
1524 845 1715 898 anno
1750 839 2029 896 unxx.
2065 820 2380 894 Boethio
2421 827 2862 892 memoratus
2903 817 2985 890 in
3027 817 3190 891 vita
3213 815 3559 892 Gulielmi
3593 815 3888 912 Elphin·

1106 941 1319 1014 stoni.

1782 1133 2356 1210 ARTHURUS
2401 1117 2955 1208 BoE'ers'.
3063 1135 3234 1214 193.
3769 1229 3776 1236 .

1106 1289 1567 1363 Altoenmms
1598 1285 1973 1372 Boethius,
2010 1285 2347 1358 Hectoris
2389 1283 2640 1369 stater,
2683 1284 2803 1356 vir
2841 1305 3050 1356 rarae
3095 1284 3543 1369 eruditionis,
3587 1285 3888 1357 cultissi-

1100 1427 1263 1477 mae
1306 1403 1774 1496 eloquentiae,
1819 1411 1893 1474 et
1935 1425 1983 1475 a
2014 1401 2308 1497 uulgari
2349 1399 2824 1484 abbornentis,
2866 1399 3114 1496 gravis
3155 1401 3492 1474 dictionis
3533 1410 3610 1473 et
3655 1401 3888 1472 eandi-

1110 1521 1265 1605 dae,
1289 1519 1483 1616 juris
1512 1517 1863 1611 pontificii
1896 1519 2165 1599 doctor,
2200 1515 2490 1609 scripsit

1296 1633 1665 1728 Exempta
1694 1657 1785 1706 ex
1812 1632 1997 1705 Jure
2028 1630 2433 1715 Pontificio,
2461 1649 2652 1724 quae
2679 1639 2856 1704 sunt
2887 1631 3114 1704 veluti
3147 1629 3526 1718 Pmtitla,
3558 1631 3684 1704 lib.
3723 1649 3773 1704 1.

1200 1749 1523 1826 Doeebat
1551 1748 2011 1823 Abel-«ioniae
2038 1769 2234 1822 anno
2267 1761 2546 1820 nnxx.

1680 1944 2344 2022 ALEXANDER
2391 1943 3032 2020 BARCLAYUS.
3139 1947 3311 2028 194.

1096 2101 1647 2175 Ammona
1676 2099 2077 2193 Bardayus
2096 2091 2380 2183 Sontas,
2401 2105 2492 2170 ut
2511 2095 2766 2169 retulit
2787 2097 2942 2190 ipse
2961 2093 3280 2169 Joannoe
3307 2096 3638 2172 Pioeaeus
3662 2111 3888 2174 aetate

1098 2235 1275 2290 ΧΠ.
1316 2215 1409 2290 ab
1438 2216 1695 2290 habitu
1734 2213 1830 2287 D.
1872 2213 2252 2290 Beuedicti
2293 2215 2388 2286 ad
2431 2213 2968 2294 aneiscanos,
3011 2221 3193 2306 puta
3231 2233 3282 2286 a
3316 2213 3660 2287 fam'lioris
3701 2219 3888 2289 vitae

1094 2333 1425 2408 libertate
1474 2332 1567 2405 ad
1614 2333 1992 2406 severioris
2022 2332 2317 2431 regulae
2349 2329 2903 2412 observantiam,
2947 2329 3336 2415 transivit,
3311 2349 3332 2370 ·
3387 2341 3602 2423 poeta
3631 2342 3707 2405 et
3737 2356 3888 2405 ora·

1096 2457 1215 2521 tor
1262 2449 1343 2520 in
1388 2449 1637 2542 paneis
1686 2447 2002 2531 celebris,
2049 2436 2378 2518 'rhomae
2415 2443 2750 2529 Cornitii,
2785 2443 3230 2518 Taveuensis
3259 2447 3632 2532 antistitis,
3666 2452 3887 2540 capel·

1096 2567 1329 2649 lanus,
1378 2573 1539 2636 tum
1590 2560 2101 2636 Bathoniensis
2150 2563 2601 2656 episcopatus
2649 2558 3109 2657 suffraganei.
3209 2559 3532 2726 Scripsit,
3589 2583 3718 2635 seu
3775 2587 3888 2636 ve-

1096 2680 1249 2753 rius
1281 2701 1373 2754 ex
1402 2677 1673 2752 Latino
1702 2675 2051 2774 Anglieos
2081 2677 2276 2763 femt,

1388 2795 1759 2867 Manciam
1794 2791 1884 2865 de
1916 2790 2333 2868 Virtutibus
2981 2791 3108 2866 lib.
3143 2807 3204 2866 Ι.

1389 2909 1639 2983 Vitam
1672 2908 1748 2981 S.
1786 2906 2242 3006 Margaretae
2983 2909 3112 2982 lib.
3147 2925 3206 2982 1.

1391 3023 1641 3098 Vitam
1674 3025 1751 3098 S.
1784 3023 2219 3098 catharinae
2989 3024 3114 3099 lib.
3151 3043 3206 3098 1.

1388 3140 1637 3214 Vitam
1670 3137 1749 3213 S.
1782 3139 2218 3214 Ethelredae
2979 3141 3108 3214 llb.
3145 3157 3201 3213 1.

1386 3257 1639 3332 Vitam
1672 3257 1749 3328 S.
1785 3256 2101 3353 Georgii,
2136 3278 2229 3328 ex
2261 3255 2687 3344 Mantuano,
2981 3258 3108 3331 lib.
3145 3275 3200 3329 1.

1382 3374 1727 3467 Quinque
1756 3371 2069 3467 Eclogas
2098 3371 2422 3467 ejusdem
2975 3373 3104 3446 lib.
3137 3391 3196 3446 1.

1384 3491 1778 3564 Castellum
1812 3485 2119 3561 Laboris
2979 3489 3106 3563 lib.
3143 3503 3198 3561 1.

1386 3606 1775 3680 Bucolieon
1808 3603 2029 3678 Codri
2977 3605 3102 3676 lib.
3137 3623 3194 3677 1.

1384 3719 1733 3816 Eclogam
1764 3729 2102 3814 quartam
2975 3719 3101 3793 lib.
3139 3739 3194 3793 1.

1386 3835 1667 3909 Navem
1702 3837 2135 3909 stultiferam
2979 3835 3104 3908 lib.
3142 3855 3195 3908 1.

1382 3951 1655 4024 Contra
1686 3951 2095 4024 Seeltonum
2977 3951 3102 4024 lib.
3139 3969 3194 4023 1.

1380 4067 1497 4141 De
1528 4067 1847 4139 Miseriis
1879 4067 2306 4139 Aulioorum
2975 4067 3100 4140 lib.
3137 4087 3190 4141 1.

1384 4181 1807 4254 Sallustium
1840 4183 1929 4254 de
1960 4181 2166 4254 Bello
2200 4181 2252 4254 J
2251 4183 2650 4279 ugni-thino
2967 4185 3094 4256 lib.
3135 4203 3190 4256 1.

1383 4295 1497 4369 De
1530 4296 2133 4370 Pronunciatione
2165 4298 2442 4370 Gallica
2973 4300 3099 4373 lib.
3135 4319 3192 4374 1.

1186 4413 1391 4486 Obiit
1423 4411 1900 4506 Croydonae'
1876 4433 1955 4483 ιιι
1989 4411 2262 4564 Anglia
2292 4435 2486 4486 anno
2521 4431 2798 4487 MDLu.
2833 4437 3077 4490 mense
3107 4416 3159 4489 J
3159 4440 3356 4492 umo

1834 4607 2269 4682 THOMAS
2317 4629 2434 4684 ΒΕ
2484 4611 3142 4696 BARRY.195.

1086 4759 1449 4833 ΤιιοΜΔε
1492 4757 1582 4829 de
1624 4756 1886 4852 Bau-y,
1930 4760 2311 4831 canonicus
2357 4759 2832 4848 Glascuensis,
2875 4771 2952 4836 et
2993 4767 3272 4860 primus
3315 4769 3764 4864 praepositus
3795 4771 3885 4841 de

1088 4875 1445 4960 Bothwel,
1484 4875 1601 4948 vir
1630 4875 1979 4972 elegantis
2010 4874 2307 4970 ingenii,
2341 4886 2413 4949 et
2445 4877 2778 4964 disertus,
2812 4881 3101 4975 scripsit
