4384 5817
1050 471 1139 538 66
1820 469 2290 540 HISTORIA
2332 465 3084 538 EchESIASTICA

1954 777 2031 850 S.
2082 770 2676 851 BATHENUS.
2781 777 2950 848 128.

1051 1009 1179 1082 DE
1214 1030 1299 1081 eo
1330 1007 1550 1080 etiam
1582 1007 1649 1103 ej
1659 1009 1906 1081 usdem
1942 1005 2043 1079 H.
2080 1007 2374 1081 Boethii
2409 1005 2897 1080 narrationem
2927 1005 3306 1080 audiamus
3339 1003 3466 1080 lib.
3503 1023 3621 1079 lx,
3659 1005 3860 1080 Hist.

1058 1123 1250 1196 Scot.
1285 1145 1451 1218 pag.
1486 1141 1809 1198 chvn.
1914 1131 1960 1170 ‘⁶
1990 1121 2276 1198 Venere
2307 1143 2470 1199 cum
2507 1143 2594 1201 eo
2627 1119 2733 1215 (Β.
2769 1119 3156 1219 Columba)
3185 1121 3268 1197 in
3299 1119 3686 1196 Albionem
3719 1122 3864 1195 viri

1053 1239 1431 1312 duodecim
1467 1237 1744 1311 Clu-isti
1777 1239 2114 1336 dogmate
2145 1238 2532 1334 insigniter
2559 1237 2848 1324 imbuti,
2883 1235 3010 1310 sed
3045 1237 3277 1334 magis
3308 1238 3522 1334 longe
3565 1238 3866 1310 sanctis·

1052 1355 1257 1426 simis
1302 1354 1616 1427 decorati
1663 1355 2004 1438 moribus,
2048 1352 2424 1427 Batheuus
2455 1362 2534 1426 et
2563 1351 2936 1438 Cominus,
2972 1353 3102 1446 qui
3133 1361 3298 1448 post
3321 1352 3712 1427 Columbae
3743 1375 3866 1424 ex-

1057 1472 1245 1544 itum
1303 1468 1817 1542 monachorum
1876 1468 2210 1542 claustris
2265 1467 2607 1562 praefecti
2673 1461 2867 1542 inter
2931 1466 3183 1542 Scotos
3247 1468 3445 1541 haud
3513 1469 3869 1540 mediocre

1054 1585 1331 1660 Christi
1365 1587 1697 1658 ecclesiae
1727 1586 1942 1657 decus
1976 1584 2350 1657 attulere?
2433 1581 2588 1656 Nec
2618 1577 2832 1677 plur'a
2863 1583 3034 1656 alibi
3069 1582 3159 1655 de
3183 1607 3270 1656 eo
3291 1583 3587 1654 memini
3610 1583 3864 1678 legere,

1056 1703 1200 1776 nisi
1250 1701 1447 1795 apud
1496 1699 1904 1772 Notkerum
1953 1699 2346 1774 Balbulum
2391 1697 2476 1772 iu
2523 1697 3072 1796 Martyrologio,
3131 1699 3262 1793 qui
3316 1715 3398 1770 V.
3445 1697 3612 1770 idus
3659 1696 3711 1767 J
3711 1697 3864 1768 unii

1055 1817 1593 1892 Batthenaeum
1626 1825 1857 1902 vocat,
1890 1825 1977 1888 ut
2008 1823 2083 1886 et
2114 1813 2191 1888 S.
2217 1814 2695 1887 Adamamms
2721 1812 2978 1886 Scotus
2999 1811 3126 1886 lib.
3155 1832 3210 1885 1.
3234 1811 3455 1886 Vitae
3479 1809 3553 1884 S.
3580 1810 3868 1885 Colum·

1060 1932 1193 2006 bae
1222 1953 1380 2025 cap.
1416 1949 1571 2004 xn.
1620 1933 1746 2006 lib.
1784 1947 1877 2004 11.
1920 1951 2075 2025 cap.
2124 1945 2319 2006 1111.
2360 1930 2487 2007 lib.
2537 1946 2664 2010 111.
2709 1949 2864 2022 cap.
2907 1945 3124 2006 ΠΗ.
3167 1937 3246 2005 et
3287 1950 3442 2022 cap.
3485 1943 3700 2000 xxx.
3747 1925 3870 2002 uu

1064 2046 1573 2140 Baiphenaeus
1627 2047 1919 2121 dicitur.
2044 2043 2420 2120 Amoldus
2477 2043 2726 2118 Uviou
2781 2045 2906 2120 lib.
2967 2062 3095 2118 111.
3153 2043 3378 2142 Ligni
3433 2044 3653 2120 Vitae
3707 2065 3870 2140 pag.

1060 2179 1423 2236 ccccxxx.
1458 2163 1939 2256 Batpberium
1972 2168 2206 2236 vocat.
2309 2159 2696 2256 Scripsisse
2725 2159 2961 2240 fertur
2991 2161 3302 2258 eleganti
3335 2163 3552 2258 stylo,

1358 2277 1551 2350 Acta
1582 2277 1976 2350 Columbae
2009 2277 2345 2373 magistri
2867 2274 2993 2356 lib.
3031 2293 3087 2356 ι.

1216 2407 1223 2418 ·
1359 2393 1476 2466 De
1508 2385 1955 2466 Monasticae
1985 2391 2207 2466 Vitae
2239 2391 2493 2468 Laude
2859 2393 2988 2465 lib.
3025 2409 3152 2465 111.

1366 2507 1850 2602 Euchiridion
1885 2508 2195 2582 Precum
2869 2507 2995 2580 lib.
3033 2523 3088 2580 1.
3482 2582 3490 2590 ,

1168 2625 1506 2698 Florebat
1538 2645 1731 2696 auno
1760 2641 1991 2698 Dcv1.
2026 2623 2163 2696 sub
2208 2623 2537 2717 piissimo
2579 2645 2753 2720 rege
2797 2621 3172 2710 Conuallo,
3221 2619 3424 2697 Petri
3471 2620 3876 2696 cathedram

1071 2739 1347 2814 Romae
1382 2740 1793 2812 tenentibus
1828 2737 2225 2813 Bonifaciis
2257 2736 2404 2812 111.
2439 2747 2513 2812 et
2545 2736 2678 2814 IV.
2753 2736 2805 2811 J
2805 2761 2966 2812 oau-
3001 2735 3346 2817 Leelaeus
3371 2739 3496 2812 lib.
3527 2755 3640 2808 ιν.
3679 2735 3868 2808 Hist.

1069 2857 1327 2930 Scotic.
1360 2879 1531 2954 pag.
1559 2873 1757 2930 eru.
1844 2853 2131 2931 Colitur
2162 2873 2241 2928 v,
2276 2854 2327 2927 J
2329 2877 2510 2930 unu
2591 2854 2670 2930 N
2669 2855 2966 2932 otkerus
2994 2855 3353 2934 Balbulus
3385 2855 3464 2932 iu
3497 2851 3876 2948 Mas-tyrol.

2050 3203 2129 3278 S.
2180 3203 2622 3280 BEANUS.
2729 3210 2898 3282 124.

1074 3440 1151 3514 S.
1212 3441 1561 3514 Bnaxus
1620 3435 2181 3510 Murthlaceusis
2247 3435 2330 3508 in
2393 3435 2635 3510 scotia
2695 3439 2976 3531 primus
3036 3438 3370 3521 antistes,
3437 3457 3627 3530 quae
3657 3433 3882 3506 -sedes

1071 3555 1559 3630 Aberdoniam
1592 3563 1843 3648 postea
1875 3552 2250 3634 translata,
2299 3554 2496 3644 quod
2549 3554 2788 3625 locum
2830 3553 3148 3645 priorem
3191 3553 3391 3628 Dani
3434 3551 3888 3625 delevissent.

1078 3669 1181 3742 H.
1214 3669 1564 3742 Boethius
1593 3669 1718 3741 lib.
1746 3686 1867 3739 Χῖ.
1906 3663 2105 3738 Hist.
2132 3665 2392 3740 Scotic.
2428 3689 2596 3763 pag.
2633 3685 3068 3740 ccxxxxv.
3105 3678 3152 3712 ‘⁸
3177 3668 3576 3742 Murthlaci
3607 3685 3890 3740 sam-um

1076 3783 1585 3878 magistratum
1624 3785 1949 3855 omnium
1978 3783 2263 3875 primus
2295 3784 2521 3878 gessit
2555 3782 2867 3868 Bauius,
2913 3785 3030 3856 vir
3071 3786 3340 3878 pietate
3381 3793 3456 3860 et
3489 3781 3892 3856 eruditione

1079 3898 1415 3994 insignis,
1458 3899 1653 3969 inter
1700 3899 1931 3981 divos,
1992 3899 2119 3968 sed
2163 3899 2444 3992 aliquot
2477 3907 2647 3991 post
2701 3919 2954 3982 annos,
3004 3896 3344 3996 relatus.’'
3439 3897 3644 3983 Eum
3701 3895 3894 3970 Usu-

1082 4013 1242 4085 ardi
1276 4012 1803 4108 Martyrologio
1836 4011 2099 4108 adjecit
2130 4035 2224 4084 ex
2256 4014 2495 4085 codice
2527 4022 2771 4088 vetere
2793 4015 3282 4108 manuscripto
3311 4011 3632 4088 somnes
3667 4011 3896 4086 Mola·

1084 4150 1250 4212 nus,
1283 4137 1505 4220 atque
1536 4128 1643 4200 ita
1674 4127 2096 4199 memoriam
2130 4127 2290 4222 ejus
2335 4127 2644 4200 celebrat
2689 4127 3302 4224 Martyrologium
3349 4129 3764 4202 Romanum
3811 4125 3900 4200 ad

1074 4245 1276 4316 diem
1300 4259 1475 4314 xvl.
1489 4242 1939 4314 Decembrist
1966 4241 2478 4315 “Aberdoniae
2495 4243 2578 4315 in
2597 4241 2954 4322 Hibernia
2974 4242 3046 4315 S.
3069 4243 3302 4317 Beani
3323 4245 3701 4337 episcopi?
3749 4241 3900 4318 Du-

1084 4359 1255 4451 plex
1262 4357 1747 4449 compilatoris
1754 4376 1987 4440 error3
2014 4379 2185 4428 nam
2203 4355 2902 4450 nequeAberdoniae
2921 4359 3179 4434 civitas
3194 4360 3279 4434 in
3291 4357 3807 4442 Hibernia,sed
3825 4358 3903 4428 iu

1088 4473 1352 4555 Scotia,
1372 4481 1593 4564 portu
1610 4471 1833 4542 maris
1852 4473 2248 4561 commodo,
2269 4483 2346 4546 et
2365 4474 2728 4546 academia
2747 4473 3328 4548 celebratissima.
3375 4473 3610 4548 Notat
3630 4473 3904 4566 Philip-

1093 4609 1233 4682 pus
1254 4586 1635 4659 Ferrarius
1653 4584 2216 4673 Alexandrinus‚
2236 4589 2810 4675 mathematicus,
2823 4589 3099 4662 ordinis
3121 4587 3512 4664 Servorum
3531 4587 3907 4686 generalis,

1092 4703 1173 4776 in
1208 4701 1721 4800 Topographia
1750 4704 1843 4776 ad
1862 4701 2493 4802 Martyrologium
2517 4701 2957 4778 Romanum.
3028 4701 3434 4800 Nequeille
3455 4701 3912 4780 Aban-deniae
