4384 5817
1134 547 1265 612 250
1906 547 2372 618 HISTORIA
2419 549 3167 622 ECCLESIASTICA

1440 737 1818 812 Institutio
1852 737 2522 815 Sanctimonialium
3021 741 3148 816 lib.
3185 761 3242 815 1.

1436 853 1869 949 Genealogia
1901 852 2214 950 Angliae
2245 854 2532 950 Regum
3021 857 3146 930 lib.
3184 875 3239 930 Ι.

1434 967 1549 1039 De
1580 969 1883 1040 diversis
1918 966 2338 1042 Virtutibus
2633 1051 2644 1062 ‚
3026 971 3150 1046 lib.
3189 989 3244 1043 1.

1432 1083 1809 1156 Sermones
1843 1083 2236 1178 Synodales
3021 1085 3148 1158 lib.
3185 1103 3238 1158 1.

1436 1195 1793 1270 Miracula
1826 1197 2187 1271 Ecclesiae
2221 1199 2654 1274 Esteldittae
3019 1201 3144 1274 lib.
3184 1221 3238 1274 1.

1432 1315 1548 1386 De
1579 1313 1793 1386 Statu
1828 1315 2145 1409 ejusdem
3021 1316 3146 1389 lib.
3185 1334 3240 1388 1.

1432 1431 1687 1503 Oratio
1726 1429 2111 1502 Pastoralis
3019 1431 3142 1505 lib.
3181 1451 3236 1506 1.

1434 1545 1793 1616 Homiliae
1828 1562 2139 1617 xxxm.
2174 1545 2254 1616 in
2289 1543 2586 1618 Esaiam
3023 1548 3148 1621 lib.
3184 1567 3236 1621 1.

1426 1659 1539 1732 De
1572 1660 2157 1732 Revelationibus
2191 1661 2510 1756 ejusdem
3016 1661 3141 1734 lib.
3179 1681 3232 1735 1.

1436 1778 1811 1850 Sermones
1836 1779 1935 1850 fle
1967 1778 2250 1851 Sanctis
3015 1779 3141 1850 lib.
3180 1797 3232 1851 1.

1424 1893 1795 1987 Epistulae
1830 1912 1951 1968 cc.
3005 1893 3130 1965 lib.
3169 1913 3224 1968 1.

1232 2009 1441 2084 Vixit
1473 2032 1665 2084 anno
1705 2025 2005 2082 Mcxvx.
2109 2010 2394 2086 Colitur
2426 2029 2503 2083 v·
2539 2019 2614 2082 et
2645 2027 2787 2083 xv,
2823 2007 2876 2080 J
2875 2031 3131 2084 anuar.

2050 2361 2127 2434 S.
2180 2360 2722 2446 ELOQUIUS.
2831 2366 3000 2434 458.

1126 2597 1201 2670 S.
1248 2596 1679 2673 Ennomus
1724 2617 1817 2667 ex
1858 2595 2142 2667 illorum
2203 2606 2312 2668 est
2353 2617 2654 2667 numero
2692 2595 2822 2687 qui
2867 2595 3060 2666 inter
3103 2601 3386 2667 sanctos
3433 2595 3666 2680 relati,
3722 2593 3904 2666 Mar-

1124 2712 1467 2807 tyrologii
1499 2709 1813 2782 Romani
1866 2731 2013 2782 non
2062 2720 2235 2782 sunt
2283 2711 2578 2804 ascripti
2625 2711 2913 2784 tabulis.
3011 2707 3204 2782 Acta
3245 2711 3404 2805 ejus
3447 2710 3787 2784 describit
3827 2731 3906 2782 ex

1124 2825 1288 2899 MS.
1317 2826 1709 2897 Mosander
1732 2825 1925 2918 apud
1952 2825 2248 2898 Surium
2273 2835 2446 2898 tom.
2477 2841 2624 2898 vn.
2711 2823 3061 2922 Sigebert.
3089 2824 3620 2900 Gemblacensis
3645 2826 3904 2898 Clu-on.

1124 2952 1169 2984 ‘⁸
1202 2942 1427 3013 Multi
1475 2941 1565 3011 de
1612 2937 1886 3036 Anglia
1937 2943 2051 3013 vel
2102 2939 2342 3013 Scotia
2388 2943 2466 3012 in
2518 2939 2772 3012 Galliis
2819 2941 3358 3036 peregrinantes
3417 2943 3722 3014 verbum
3777 2942 3904 3014 Dei

1118 3058 1589 3141 seminabant,
1624 3059 2079 3152 multumque
2114 3057 2432 3130 fructum
2465 3056 2623 3129 Deo
2655 3055 3032 3143 faciebant,
3081 3059 3350 3130 scilicet
3400 3057 3604 3142 Etto,
3655 3057 3908 3128 Bertu·

1082 3153 1307 3256 inus,
1339 3168 1761 3265 Eloquius.”
1858 3171 2139 3245 Auctor
2181 3173 2711 3244 vetustissimus
2760 3171 2922 3244 MS.
2975 3195 3377 3267 anonymus
3419 3175 3500 3244 in
3541 3174 3906 3270 collegiata

1121 3289 1416 3361 ecclesia
1446 3287 1691 3361 Sancti
1731 3287 2071 3360 Mononis
2106 3288 2408 3360 dioecesi
2443 3286 2846 3372 Leodiensi,
2871 3298 2956 3360 ut
2991 3291 3244 3361 recitat
3275 3289 3624 3362 Laurent.
3659 3287 3905 3360 Surius

1122 3414 1295 3477 tom.
1336 3423 1409 3477 v,
1446 3406 1561 3476 die
1596 3421 1839 3475 xvm.
1877 3403 2169 3475 Octobr.
2208 3413 2253 3446 ‘⁶
2287 3404 2462 3476 Fuit
2495 3403 2571 3475 S.
2607 3403 2882 3476 Monon
2915 3408 3004 3478 de
3049 3407 3360 3480 occiduis
3405 3406 3658 3478 mundi
3689 3405 3904 3498 parti-

1114 3521 1249 3593 bus
1282 3521 1649 3604 oriundus,
1684 3519 2015 3590 videlicet
2046 3541 2135 3590 ex
2170 3519 2431 3603 Scotia,
2467 3543 2652 3614 quae
2699 3523 2962 3593 multos
3011 3529 3445 3604 sanctorum,
3497 3522 3700 3593 velut
3747 3523 3904 3593 stel-

1114 3639 1221 3710 las
1253 3625 1601 3720 lucifluas,
1652 3635 1745 3706 ad
1793 3635 2111 3706 diversas
2160 3637 2415 3707 mundi
2467 3638 2872 3708 transmisit
2920 3647 3183 3730 partes,
3233 3646 3317 3710 ut
3365 3636 3511 3709 fuit
3557 3638 3904 3730 pretiosus

1118 3753 1475 3824 confessor
1518 3752 1905 3834 Fursaeus,
1948 3773 2161 3844 quem
2207 3750 2531 3824 Parrona
2571 3753 2836 3825 retinet
2880 3755 3068 3825 laeta
3115 3775 3278 3826 cum
3325 3751 3554 3824 fratre
3601 3775 3734 3824 suo
3785 3751 3902 3823 Ul-

1114 3879 1309 3952 tano,
1344 3876 1419 3939 et
1458 3867 1831 3940 Foillanus
1882 3888 2129 3938 eorum
2178 3865 2426 3951 frater,
2477 3871 2722 3963 magni
2771 3871 3014 3942 meriti
3065 3870 3200 3951 vir,
3249 3869 3458 3963 cujus
3507 3871 3901 3960 praesentia

1116 3982 1450 4056 Castrum
1486 3983 1883 4080 congaudet
1918 3981 2290 4066 Fossense,
2341 3981 2644 4055 Sanctus
2679 3983 3212 4080 Fredegandus,
3267 3981 3574 4055 Sanctus
3621 4007 3900 4078 quoque

1118 4097 1535 4182 Bertuinus,
1568 4121 1697 4170 nec
1730 4119 1877 4171 non
1922 4097 1996 4169 S.
2034 4097 2390 4190 Eloquius
2434 4099 2795 4171 confessor
2839 4098 3280 4195 magnificus,
3329 4119 3544 4191 quem
3595 4097 3898 4169 Walcio-

1116 4215 1401 4285 diorum
1437 4225 1820 4287 veneratur
1852 4215 2340 4288 coenobium.”
2439 4213 2743 4306 Scripsit
2778 4237 2948 4286 vero

1408 4329 1969 4402 Exhortationes
2006 4330 2097 4400 ad
2130 4328 2451 4400 Gentiles
2993 4330 3116 4403 lib.
3157 4349 3212 4402 1.

1411 4443 1767 4516 Homilias
2987 4447 3110 4517 lib.
3150 4467 3202 4518 1.
3239 4456 3312 4518 et
3345 4445 3508 4517 alia.

1212 4560 1498 4632 Floruit
1528 4582 1717 4631 anno
1752 4577 1976 4631 nem.
2078 4563 2360 4634 Colitur
2391 4561 2510 4632 die
2547 4579 2666 4632 111.
2703 4561 3074 4632 Decembr.
3158 4560 3461 4633 Arnold.
3499 4557 3740 4630 Uvion
3775 4559 3892 4629 lib.

1114 4695 1233 4750 111.
1272 4673 1439 4773 Lig.
1476 4674 1689 4749 Vitae
1728 4697 1894 4771 pag.
1934 4692 2446 4748 cccnxxxw.
