4384 5817
1059 505 1188 572 126
1825 501 2295 574 HISTORIA
2338 501 3095 572 EOCLESIASTICA

1663 691 1778 752 me
1801 701 2114 760 oratorum
2135 707 2285 770 qnos
2308 689 2503 754 Sooti·
2526 691 2647 752 sola
2668 689 2949 770 οιιραῐιοι

1741 785 1941 846 Mittit
1965 783 2042 846 ad
2065 783 2289 858 herou,
2316 785 2561 846 ultimus
2584 786 2891 856 extiterat,

1661 878 1930 941 Ultimus
1954 878 2209 950 illorum,
2235 899 2380 960 quos
2402 899 2613 960 magua
2638 879 2947 940 Britannia
2973 879 3139 948 fovit,

1741 973 1914 1054 Seeta
1935 973 2273 1036 exturbavit
2298 974 2483 1046 devia,
2510 975 2743 1056 praesul
2768 985 2910 1034 mt-

1157 1156 1460 1250 Scripsit
1491 1157 1742 1241 multa,
1775 1156 2062 1228 erudito
2093 1157 2247 1229 otio
2274 1157 2573 1252 longum
2606 1157 2907 1228 exilium
2934 1157 3233 1240 solatus,
3266 1177 3493 1250 eaque
3526 1157 3605 1230 in
3649 1157 3857 1228 bibli·

1059 1271 2537 1365 othecasuaselectissimareliquitMSS.
2570 1271 3299 1368 Ροιίειῑὶονιιὶςυιᾶιι.
3400 1272 3665 1358 Inhis,

1355 1387 1448 1460 In
1481 1387 1742 1460 Libros
1773 1387 2062 1484 Regum
2095 1387 2635 1462 Commentaria
3144 1388 3273 1460 lib.
3312 1407 3365 1460 1.

1355 1505 1776 1598 Deploratio
1807 1504 2054 1600 Regni
2083 1501 2369 1576 Scotiae
3142 1503 3267 1576 lib.
3308 1523 3359 1576 1.

1354 1619 1902 1692 Controversiae
1935 1628 2188 1691 contra
2224 1616 2579 1690 Sectarios
3146 1619 3272 1692 lib.
3312 1637 3367 1690 1.

1353 1732 1446 1806 In
1477 1733 1866 1805 Decretum
1899 1731 2232 1806 Gratiani
2264 1731 2821 1805 Observationes
3142 1735 3269 1808 lib.
3310 1753 3363 1806 1.

1348 1849 1640 1944 Adagia
1667 1847 1950 1922 Scotica
3142 1851 3267 1921 lib.
3306 1869 3359 1922 1.

1157 1967 1364 2041 Obiit
1389 1963 1730 2039 Lutetiae
1771 1985 1892 2037 an.
1935 1965 2197 2040 aetatis
2238 1979 2597 2038 mxu.
2644 1965 2861 2036 salut.
2912 1985 3086 2038 vero
3130 1965 3489 2038 hnmanae
3544 1983 3853 2040 amem.

1057 2099 1294 2155 xxiv.
1325 2081 1570 2175 April.

1153 2197 1446 2270 Laudat
1487 2199 1698 2270 illum
1738 2195 2056 2270 Ioannes
2091 2193 2446 2268 Geoeaeus
2478 2191 2733 2268 Gallus
2782 2197 2865 2268 in
2908 2193 3203 2270 Delitiis
3252 2193 3859 2272 Poetamm'Gal·

1056 2317 1294 2428 lorum
1325 2335 1418 2386 ex
1449 2313 1862 2388 collectione
1891 2309 2201 2382 Ranutii
2234 2308 2461 2383 Gheri
2492 2319 2679 2403 part.
2718 2329 2771 2381 1.

1660 2439 1922 2502 Phoenix
1947 2437 2140 2520 pri-ea
2163 2448 2341 2500 novat
2368 2437 2615 2500 Phariae
2636 2437 2921 2500 nimmia
2940 2447 3153 2510 terrae,

1741 2534 1938 2596 Solius
1959 2534 2225 2616 Aegypti
2250 2553 2387 2594 nam
2408 2533 2533 2595 loen
2560 2533 2681 2594 sola
2704 2533 2863 2596 oolit.

1657 2625 3223 2710 AttuSeotorumdoeuaetpar-maximapmul,

1736 2724 1910 2786 Unus
1934 2743 1998 2786 ea
2022 2743 2058 2784 e
2083 2722 2308 2796 multis,
2336 2743 2509 2804 quem
2536 2723 2661 2784 laea
2684 2722 2874 2785 multa
2898 2721 3117 2785 colunt.

1973 2871 2215 2946 ROB.
2266 2871 2665 2947 BODIUS.
2770 2877 2939 2946 218.

1059 3007 1502 3079 Romzmvs
1535 3006 1834 3091 Badius,
1868 3007 2273 3078 adolescens
2306 3007 2621 3098 optimae
2664 3006 2949 3089 indolis,
2982 3004 3439 3080 Aberdoniae
3474 3007 3701 3080 bonas
3744 3029 3855 3078 ar·

1055 3134 1164 3195 tes
1197 3123 1470 3206 didicit,
1503 3143 1688 3216 quas
1719 3143 1964 3194 secum
1995 3121 2407 3193 Lovanium
2440 3121 2779 3206 inferens,
2814 3131 3121 3194 aetatem
3154 3144 3361 3194 suam
3394 3121 3692 3195 mirifice
3740 3145 3853 3193 or-

1055 3239 1310 3323 navit3
1359 3238 1616 3310 exinde
1651 3238 1960 3310 Romam
1993 3238 2421 3322 destinatus,
2454 3237 2855 3334 theologica
2896 3238 3005 3310 ita
3046 3237 3413 3323 delibavit,
3458 3249 3549 3310 ut
3590 3259 3851 3331 pauens

1057 3377 1266 3447 pares
1289 3377 1375 3426 ea
1398 3364 1632 3428 aetate
1658 3354 1962 3437 habeat,
1941 3375 1960 3394 ·
1999 3354 2091 3425 ad
2115 3351 2293 3424 haec
2318 3354 2635 3445 optimus
2658 3363 2893 3446 poeta,
2918 3355 3370 3446 antiquarius
3404 3355 3736 3450 insignis,
3760 3362 3853 3433 et,

1057 3472 1252 3562 quod
1283 3471 1526 3542 omnia
1555 3477 1872 3563 superat,
1909 3469 2188 3560 patriae
2222 3489 2495 3539 amans.
2598 3467 2903 3560 Scripsit

1355 3585 1909 3680 Epigrammata
1940 3586 2132 3654 culta
3146 3583 3271 3656 lib.
3312 3603 3363 3656 1.

1349 3701 1718 3793 Epistulas
1743 3702 1834 3773 de
1859 3699 2108 3772 Rebus
2133 3697 2431 3772 Scoticis
2458 3701 2551 3772 ad
2576 3699 2937 3774 Thomam
2966 3699 3237 3794 Demp-

1451 3825 1727 3888 sterum
3149 3815 3273 3888 lib.
3315 3833 3365 3885 1.

1157 3931 1446 4004 Dicitur
1475 3930 1902 4004 Societatem
1934 3930 1985 4001 J
1985 3951 2116 4004 esu
2147 3931 2537 4024 ingressus.

1756 4128 1807 4199 J
1808 4125 2026 4200 OAN
2027 4123 2231 4198 NES
2279 4124 2887 4198 BARCLAIUS.
2992 4133 3159 4208 219.

914 4347 928 4358 .
1057 4281 1106 4351 J
1111 4295 1446 4351 omn-ms
1479 4277 1877 4362 Bai-claim,
1911 4276 2285 4348 Guilielmi
2316 4273 2903 4348 Ponti-Massam
2950 4277 3371 4369 professoris
3420 4275 3633 4359 filius,
3684 4278 3857 4369 quia

1059 4406 1262 4488 patre
1295 4393 1506 4466 Scoto
1539 4402 1776 4477 natus,
1809 4395 2002 4464 inter
2035 4391 2289 4466 Scotoe
2322 4393 2559 4462 locum
2592 4391 2905 4466 habebit.
3008 4391 3199 4487 Ejus
3232 4401 3453 4466 sunt:

1355 4509 1652 4603 Ecloga,
1687 4507 2049 4604 Corydon,
3148 4507 3273 4578 lib.
3312 4525 3363 4578 1.

1354 4625 1700 4696 Poemata
2940 4657 2956 4673 =
3144 4622 3269 4694 lib.
3310 4638 3361 4691 1.

1365 4739 1674 4812 Paterna
1701 4739 1968 4824 Pietas,
2001 4740 2154 4812 sive
2174 4737 2517 4811 Defensio
2544 4738 2805 4830 Operis
2838 4737 3109 4820 Patris,
3140 4737 3265 4810 lib.
3310 4754 3364 4807 1.
