4384 5817
1096 579 1227 645 270
1862 575 2330 647 HISTORIA
2377 577 3128 650 ECCLESIASTICA

1098 777 1337 840 tarum
1372 765 1741 841 Gallorum
1776 777 1948 842 tom.
1984 787 2071 840 11.
2107 769 2302 862 quod
2333 791 2712 862 apponam.

1702 963 1827 1039 Qui
1854 962 2028 1024 Latio
2054 963 2258 1024 Musas
2283 961 2480 1024 sedem
2507 963 2701 1026 fixisse
2725 985 3058 1046 perennem,

1776 1059 1857 1120 Et
1883 1059 2003 1120 sols
2026 1069 2190 1120 vetes
2216 1057 2368 1120 dixit
2393 1059 2456 1118 in
2483 1061 2762 1130 Ausonia,

1696 1154 1883 1217 Haud
1906 1164 2013 1214 tua
2038 1151 2319 1214 Castalios
2343 1155 2656 1216 referentia
2681 1155 2934 1216 carmine
2959 1166 3156 1218 coetus

1774 1251 2047 1330 Legerat,
2074 1259 2137 1310 et
2162 1248 2375 1310 celebri
2401 1269 2550 1328 quse
2575 1251 2733 1312 canis
2759 1271 2944 1332 usque
2968 1251 3094 1334 lyra
3113 1274 3131 1311 ε

1696 1345 1935 1420 Quanta
1962 1343 2290 1406 Caledoniis
2317 1345 2426 1405 tibi
2451 1345 2580 1406 laus
2604 1355 2668 1406 et
2692 1366 2902 1408 nomen
2927 1347 2991 1408 in
3017 1346 3132 1408 oris

1778 1440 2076 1520 Surgeret,
2106 1439 2304 1510 Evati,
2330 1439 2558 1501 nescius
2583 1440 2686 1500 ille
2709 1441 2844 1501 fuit.

1696 1534 1967 1595 Abduxti
1996 1534 2169 1596 Latio
2197 1534 2418 1604 Musas,
2445 1545 2720 1614 vatesque
2749 1533 2989 1596 Latinos

1769 1628 2015 1690 Exculti
2040 1649 2281 1710 superes
2305 1629 2525 1690 viribus
2550 1627 2790 1708 ingenii.

1869 1936 1920 2007 J
1919 1932 2323 2009 ACOBUS
2369 1933 2833 2008 ECLINUS.
2937 1937 3106 2006 500.

1087 2171 1137 2242 J
1138 2191 1187 2242 A
1196 2185 1449 2280 conus
1480 2169 1805 2277 Eclinus,
1840 2168 2065 2242 nobili
2098 2168 2448 2263 sanguine
2479 2167 2559 2238 in
2585 2166 2752 2238 Fifa
2775 2177 3001 2250 ortus,
3027 2165 3560 2260 philosophiam
3593 2168 3860 2240 Burde-

1086 2289 1291 2382 galae
1324 2287 1573 2358 multis
1608 2287 1817 2358 annis
1848 2307 2113 2382 magna
2146 2283 2570 2354 eruditionis
2614 2283 2849 2378 gloria
2891 2280 3278 2376 professus,
3327 2283 3526 2355 visus
3571 2294 3684 2356 est
3727 2286 3862 2375 ple-

1086 2403 1329 2496 risque
1358 2404 1541 2475 nulli
1575 2403 1655 2473 in
1686 2426 1770 2474 es
1802 2402 2103 2474 scientia
2132 2399 2402 2470 cedere.
2497 2398 2801 2491 Scripsit

1378 2517 1471 2590 111
1506 2516 1851 2613 Logicam
1884 2516 2297 2588 universam
2865 2513 2989 2585 lib.
3027 2532 3082 2586 1.

1386 2635 1477 2707 In
1510 2632 1851 2705 Ethicam
2861 2631 2985 2702 lib.
3023 2649 3105 2702 x.

1380 2749 1472 2822 In
1504 2749 1889 2844 Physicam
2849 2745 2974 2819 lib.
3012 2763 3196 2819 vm.
3239 2768 3424 2841 quae
3461 2749 3617 2844 Jam
3657 2747 3862 2819 audio

1479 2867 1711 2936 lucem
1745 2865 2080 2957 accipere,
2114 2864 2310 2957 quod
2343 2879 2415 2934 Β.
2453 2879 2529 2934 Β.
2570 2881 2638 2934 Ρ.
2677 2880 2753 2933 1,.
2793 2877 2867 2934 F.

1185 2977 1520 3052 Excessit
1553 2979 2023 3076 Burdegalae,
2058 3001 2149 3052 ex
2180 2978 2378 3052 febre
2411 2979 2749 3076 maligne,
2785 2999 2978 3050 anno
3014 2994 3309 3050 uncus.
3343 2999 3608 3072 magno
3642 2977 3853 3049 omni-

1086 3097 1219 3168 bus
1253 3095 1367 3167 sui
1403 3095 1756 3167 desiderio
1787 3095 2059 3168 relicto-

1922 3323 2254 3399 DAVID
2301 3323 2762 3397 ECLINUS.
2861 3329 3028 3398 501.
3061 3371 3070 3382 ·

1084 3561 1379 3648 DAvln
1400 3558 1725 3642 Eclinus,
1758 3558 1805 3628 J
1808 3559 2007 3630 scobi
2038 3557 2284 3641 frater,
2319 3554 2778 3649 professionis
2811 3557 3029 3628 etiam
3065 3577 3376 3640 consors,
3419 3557 3862 3628 suavissimis

1084 3677 1405 3748 moribus
1462 3697 1545 3746 sc
1600 3674 2001 3746 incredibili
2059 3674 2467 3745 studiorum
2525 3673 2873 3744 varietate
2929 3671 3402 3768 Burdegalae,
3467 3681 3554 3744 ut
3621 3671 3862 3752 frater,

1084 3791 1613 3884 philosophiam
1684 3791 1873 3862 serio
1950 3787 2338 3880 professus,
2405 3788 2484 3858 in
2546 3788 2748 3880 lyceo
2814 3784 3409 3878 Monspessulano
3475 3789 3862 3859 multorum

1088 3908 1632 3979 candidatorum
1686 3905 2171 3997 disputatione
2225 3902 2514 3996 publice
2567 3902 2819 3985 victor,
2875 3899 3212 3974 Lutetiae
3269 3902 3729 3974 humaniores
3788 3925 3864 3972 ac

1087 4023 1605 4095 mansuetiores
1654 4021 1901 4092 literas
1963 4021 2316 4092 docendas
2372 4019 2632 4114 elegit3
2693 4025 2852 4088 tum
2910 4019 2990 4088 in
3045 4016 3516 4114 Lug-dunensi
3575 4017 3866 4089 Roanae

1086 4141 1177 4210 ad
1237 4137 1561 4233 Ligerim
1616 4135 2041 4207 medicinam
2095 4135 2396 4207 clinicen
2455 4135 2795 4218 exercuit,
2855 4155 3135 4225 semper
3188 4135 3464 4230 ingenti
3525 4133 3618 4205 ab
3675 4135 3864 4228 inge-

1086 4257 1211 4325 nio
1261 4251 1458 4328 fame
1506 4261 1738 4345 parts,
1798 4261 1883 4324 ut
1940 4251 2218 4322 nescias
2273 4248 2552 4321 felicius
2603 4272 2696 4321 an
2746 4250 3026 4322 doctius
3075 4247 3400 4321 liberales
3451 4260 3640 4322 artes
3701 4250 3863 4322 atti·
3933 4325 3940 4331 ‚

1086 4369 1300 4466 gerit.
1407 4366 1600 4461 Ejus
1660 4377 1831 4438 sunt
1882 4366 2436 4460 quamplurima,
2487 4365 2611 4436 sed
2659 4365 2753 4436 ad
2803 4387 2918 4435 me
2965 4363 3043 4434 hi
3095 4374 3380 4437 tentum
3429 4365 3663 4455 apices
3713 4387 3866 4455 per-

1088 4492 1487 4557 venerunt:

1383 4597 1767 4671 Orationes
1801 4595 2310 4669 disertissimae
2864 4595 2992 4667 lib.
3027 4613 3082 4666 1.

1384 4715 1613 4788 Poma
1641 4712 2117 4786 Autumnalia
2197 4819 2202 4824 ·
2869 4711 2995 4784 lib.
3033 4729 3086 4781 1.

1381 4832 1547 4903 Ova
1579 4828 1959 4903 Paschalia
2867 4826 2990 4899 lib.
3030 4843 3084 4898 1.
