4384 5817
1237 579 1594 650 GENTIS
1641 578 2201 660 SCOTORUM,
2247 579 2433 650 LIB.
2477 580 2599 648 IV.
3202 582 3331 648 205

1387 886 1462 957 S.
1514 884 2151 957 DISYBODIUS.
2258 891 2426 965 373.
2541 951 2553 962 .

510 1120 584 1194 S.
633 1119 1086 1192 D1mon11
1135 1119 1384 1192 laudes
1441 1119 1637 1210 apud
1683 1116 1735 1187 J
1735 1139 2040 1192 oannem
2089 1118 2473 1192 Leslaeum
2522 1119 2647 1192 lib.
2704 1137 2815 1191 IV.
2875 1119 3070 1192 Hist.
3125 1119 3316 1194 Scot.

505 1259 674 1334 pag.
710 1253 938 1308 CLXI.
974 1244 1020 1278 “
1055 1233 1218 1306 Hoc
1251 1243 1572 1326 tempore
1605 1233 1847 1305 Scotia
1881 1237 2148 1307 multos
2182 1235 2551 1306 doctrinae
2584 1235 3045 1308 abstrusioris
3080 1233 3323 1332 cogni-

503 1354 726 1436 tione,
759 1359 836 1424 et
868 1349 1247 1424 sanctioris
1281 1351 1476 1422 vitae
1507 1351 1718 1420 laude
1749 1349 2203 1444 perinsignes
2239 1351 2577 1424 ecclesiae
2623 1349 2924 1442 peperit,
2977 1373 3015 1422 e
3056 1351 3319 1444 quibus

511 1467 599 1540 Β.
661 1468 746 1539 Ρ.
809 1467 1254 1548 Disibodius,
1313 1465 1731 1557 episcopatu
1786 1464 2138 1548 abdicato,
2201 1487 2369 1538 cum
2418 1465 2781 1558 plerisque
2834 1464 2915 1536 in
2962 1466 3319 1560 evangelii

503 1584 952 1656 diffundendi
986 1581 1398 1654 societatem
1431 1580 1678 1652 accitis
1710 1580 1790 1650 in
1825 1579 2285 1654 Alemaniam
2316 1603 2395 1652 se
2428 1581 2738 1676 trajecit,
2772 1581 3209 1675 tandemque
3240 1583 3321 1654 in

501 1699 850 1772 Fuldensi
881 1697 1338 1780 monasterio,
1375 1697 1541 1768 sede
1573 1695 1667 1768 ad
1699 1695 2060 1788 reliquum
2093 1697 2289 1769 vitae
2322 1697 2762 1768 curriculum
2794 1697 2913 1789 pie
2946 1695 3319 1772 conficien-

501 1817 678 1888 dum
712 1817 1076 1897 collocata,
1113 1813 1494 1886 sanctitate
1539 1820 1614 1884 et
1661 1812 2013 1906 singulari
2056 1815 2371 1905 quadam
2413 1811 2775 1905 probitate
2824 1822 2937 1886 est
2985 1835 3319 1888 consecu-

498 1941 642 2015 tus,
677 1941 764 2003 ut
793 1930 1100 2002 honores
1133 1928 1241 1999 illi
1273 1949 1454 2019 pene
1486 1929 1718 2000 divini
1752 1950 1796 1997 a
1826 1930 2094 2021 populo
2127 1928 2629 2000 haberentur.”
2720 1926 3029 2002 Arnold.
3066 1928 3315 2004 Uvion

498 2046 624 2117 lib.
663 2065 752 2117 11.
789 2045 955 2140 Lig.
988 2042 1144 2116 Vit.
1197 2065 1350 2134 cap.
1400 2060 1640 2113 Lvnl.
1693 2051 1738 2084 ‘⁴
1773 2041 2056 2124 Quietis
2099 2066 2365 2130 amore,
2416 2045 2695 2136 patriae
2746 2053 2819 2116 et
2870 2046 3314 2138 episcopatui

501 2162 924 2242 valedicens,
973 2159 1052 2231 in
1085 2157 1551 2232 Germaniam
1583 2181 1661 2230 se
1701 2161 2102 2244 transtulit,
2156 2161 2285 2232 ubi
2328 2160 2701 2234 aedificato
2743 2163 3185 2234 monasterio
3234 2163 3314 2234 in

497 2279 654 2350 loco
703 2279 854 2370 qui,
904 2298 995 2347 ex
1043 2275 1198 2369 ejus
1249 2274 1563 2359 nomine,
1614 2295 1811 2346 nunc
1862 2273 2080 2347 Mons
2129 2275 2204 2348 S.
2256 2275 2643 2369 Disybodii
2694 2286 3017 2360 vocatur,
3068 2278 3316 2350 extitit

499 2394 895 2465 multorum
927 2399 1134 2482 pater
1163 2389 1746 2462 monachorum.”
1845 2387 2126 2462 Eadem
2161 2414 2343 2484 pene
2376 2390 2428 2461 J
2428 2414 2590 2464 oan.
2628 2391 2994 2464 Trithem.
3029 2392 3157 2463 lib.
3187 2410 3311 2463 111.

500 2510 590 2580 de
624 2506 782 2581 Vir.
816 2507 1078 2578 illustr.
1117 2505 1294 2577 Ord.
1331 2504 1404 2576 S.
1442 2506 1820 2579 Benedicti
1863 2527 2016 2598 cap.
2053 2523 2587 2580 ccnxxxvlu.
2690 2505 2881 2601 Ejus
2929 2517 3091 2579 acta
3142 2530 3311 2580 con-

499 2623 788 2717 scripsit
822 2620 895 2692 S.
934 2620 1399 2714 Hildegardis
1450 2620 1841 2716 Bingensis
1891 2622 2275 2705 abbatissa,
2326 2631 2412 2693 ut
2456 2625 2619 2713 ipsa
2662 2623 2987 2718 agnoscit
3019 2623 3144 2695 lib.
3185 2643 3308 2696 111.

497 2741 714 2816 Vitae
747 2761 920 2810 suae
951 2759 1082 2830 per
1114 2735 1578 2808 Theodorum
1614 2739 1850 2809 editae
1882 2759 2036 2830 cap.
2065 2753 2269 2810 xxv·
2308 2736 2437 2810 ubi
2460 2737 2679 2810 haec:
2718 2747 2767 2782 ‘⁸
2791 2736 3042 2810 Vitam
3068 2749 3144 2810 et
3167 2762 3315 2812 me·

495 2859 642 2930 rita
675 2854 922 2928 Sancti
956 2852 1311 2945 Disybodi
1355 2853 1768 2944 conscripsi,
1815 2852 1909 2924 ab
1953 2852 2211 2926 abbate
2258 2875 2423 2926 meo
2472 2863 2545 2926 et
2593 2853 2942 2926 fratribus
2994 2853 3314 2926 humilli-

492 2995 616 3046 ma
645 2969 998 3044 instantia
1029 2977 1103 3040 et
1135 2967 1515 3040 devotione
1547 2969 1854 3040 coacta.”
1928 2968 2216 3042 Prodiit
2248 2967 2425 3042 Vita
2458 2971 2602 3042 ista
2633 2969 2968 3052 Lovanii,
3002 2972 3131 3041 sed
3163 2993 3311 3044 non

493 3089 690 3160 vidi:
741 3107 826 3158 ac
866 3107 960 3156 ne
1007 3093 1198 3156 certe
1246 3083 1536 3175 quidem
1585 3083 1938 3156 affirmare
1985 3087 2257 3177 possim
2307 3086 2387 3156 in
2438 3085 2814 3169 Hibernia,
2864 3107 2959 3156 an
3009 3107 3183 3158 vero
3230 3088 3311 3160 in

493 3203 760 3287 Sootia,
811 3203 1300 3295 episcopatum
1353 3199 1473 3271 ille
1520 3201 1844 3294 gesserit.
1947 3199 2261 3296 Georgio
2319 3199 2625 3272 Wicelio
2674 3198 2930 3272 Scotus
2980 3209 3093 3273 est
3138 3201 3302 3274 libr.

493 3339 642 3392 vn.
695 3341 850 3411 cap.
887 3335 1020 3388 ιν.
1070 3314 1333 3411 Georg.
1381 3314 1750 3389 Garnefelt
1800 3317 1922 3389 lib.
1979 3335 2065 3388 11.
2117 3315 2335 3388 Vitae
2382 3315 2777 3388 Eremitar.
2828 3337 2982 3408 cap.
3022 3335 3302 3390 xxnx.

351 3463 364 3486 ·
493 3435 686 3532 Ejus
743 3433 1243 3506 solennitatem
1297 3432 1588 3502 ecclesia
1644 3433 1916 3517 recolit,
1976 3433 2090 3502 vel
2147 3449 2328 3503 vul.
2388 3432 2505 3504 die
2561 3430 2613 3501 J
2613 3432 2745 3504 ulii
2804 3442 2877 3504 et
2939 3447 3121 3502 vlu.
3188 3435 3303 3506 die

492 3549 958 3646 Septembris,
1013 3556 1099 3618 ut
1155 3549 1388 3639 placet
1453 3546 1505 3617 J
1504 3547 1722 3619 oanni
1778 3547 2075 3620 Molano
2140 3546 2517 3620 Addition.
2583 3545 2926 3631 Usuardi,
2999 3550 3117 3620 vel
3182 3550 3299 3620 die

493 3685 678 3739 v111.
711 3665 762 3736 J
763 3665 942 3747 unii,
965 3670 1051 3734 ut
1071 3665 1233 3734 vult
1252 3660 1559 3734 Arnold.
1587 3660 1858 3734 Uvion.
1933 3661 2443 3766 §mosanctae
2468 3684 2639 3736 sane
2664 3663 2859 3733 illius
2886 3671 2931 3704 ‘⁶
2954 3665 3301 3756 reliquiae

491 3781 898 3854 reconditae
947 3779 1244 3848 fuerunt
1284 3778 1362 3846 in
1414 3780 1696 3849 tumulo
1745 3779 2024 3869 lapideo
2073 3787 2271 3850 retro
2321 3781 2545 3848 altare
2595 3777 2830 3871 majus
2882 3782 3297 3851 monasterii

493 3897 772 3969 Montis
817 3894 892 3965 S.
942 3893 1389 3986 Disybodii.”
1509 3893 1970 3966 Dodechinus
2022 3892 2241 3964 abbas
2289 3894 2367 3964 in
2417 3890 2835 3983 Appendice
2884 3893 2977 3963 ad
3028 3891 3298 3966 Maria-

491 4015 568 4084 ni
615 4012 1056 4084 Chronicum
1104 4008 1242 4080 sub
1285 4031 1554 4078 annum
1611 4025 1966 4079 MCXLIV.
2057 4007 2473 4080 Translatio
2520 4029 2691 4077 vero
2735 4007 3053 4100 ejusdem
3108 4007 3298 4080 facta

489 4131 628 4202 sub
659 4128 952 4200 Conone
991 4143 1100 4195 lv·
1145 4126 1342 4196 illius
1387 4125 1522 4194 loci
1559 4124 1834 4196 abbate.
1936 4123 2139 4196 Idem
2173 4121 2635 4194 Dodechinus
2668 4121 2823 4194 loco
2865 4123 3159 4194 laudato
3202 4126 3291 4198 ad

489 4265 764 4316 annum
800 4257 1170 4312 Mcxmx.
1203 4250 1276 4312 et
1311 4240 1642 4312 meminit
1677 4239 1922 4311 Uvion
1969 4238 2092 4310 lib.
2135 4256 2259 4309 111.
2306 4259 2471 4332 pag.
2512 4253 2905 4308 cchvm.
3006 4237 3293 4331 Scripta

488 4361 580 4432 ab
611 4381 698 4430 eo
729 4363 1048 4429 recenset
1081 4356 1439 4427 Trithem.
1475 4356 1598 4426 lib.
1631 4356 1724 4426 de
1755 4353 2012 4446 Script.
2040 4351 2456 4424 Ecclesiast.
2492 4351 2619 4422 sed
2652 4373 2799 4424 non
2832 4363 2941 4425 est
2992 4354 3087 4426 ad
3136 4377 3291 4426 ma-

485 4493 684 4546 num.
789 4470 992 4542 Idem
1025 4472 1106 4542 in
1138 4468 1580 4562 Compendio
1623 4468 1890 4540 Annal.
1943 4469 2065 4539 lib.
2116 4486 2168 4537 1.
2214 4489 2379 4562 pag.
2416 4483 2583 4538 LIV.
2640 4471 2990 4540 meminit.
3095 4467 3287 4563 Ejus

485 4613 620 4686 ego
655 4588 804 4658 vidi
841 4607 1024 4678 opus

781 4701 896 4772 De
928 4700 1450 4772 Monachornm
1485 4698 1824 4770 Prosectu
1855 4699 1934 4770 in
1965 4697 2369 4770 Solitudine
2402 4699 2771 4792 agentium
2940 4699 3063 4770 lib.
3101 4717 3153 4769 1.

584 4817 798 4891 Vixit
829 4839 948 4888 an.
986 4833 1326 4888 Demus.
1363 4837 1510 4908 quo
1553 4837 1741 4886 anno
1785 4814 2094 4888 Scotiam
2129 4814 2469 4896 deseruit,
2502 4823 2849 4908 regnante
2882 4814 3277 4898 Malduino,
