4384 5817
1253 502 1610 573 GENTIS
1656 497 2217 581 scoToRUM,
2260 499 2445 568 LIB.
2488 499 2620 568 111.
3200 497 3331 566 1⁷5

1137 687 1392 750 sonam
1415 687 1542 770 pati
1566 687 1822 768 paim

639 808 854 880 Hanc
885 829 1084 904 ergo,
1117 807 1229 878 uti
1263 805 1608 886 dicebam,
1656 803 1966 874 Romam
2010 823 2339 874 reversus
2386 800 2678 876 Pudens
2722 800 3049 898 legitimo
3078 799 3329 870 matri-

535 927 777 996 monio
811 923 950 994 sibi
976 922 1253 1018 junxit.
1357 917 1546 992 Vide
1581 919 1902 992 Martial.
1936 917 2062 990 lib.
2101 935 2213 988 Π.
2247 918 2479 1012 epigr.
2512 935 2703 988 1111.

485 1091 506 1108 .
630 1038 893 1110 Nescio
924 1038 1102 1131 quid
1135 1036 1464 1128 improbo
1497 1035 1764 1106 Balaeo
1795 1036 1875 1104 in
1907 1043 2225 1106 mentem
2258 1033 2540 1104 venerit
2574 1032 2935 1104 Hetrusco
2966 1052 3133 1102 eum
3164 1052 3329 1102 san·

533 1157 754 1251 guine
784 1163 1049 1236 ortum,
1085 1154 1242 1225 sine
1273 1153 1422 1222 ullo
1456 1159 1660 1233 teste,
1710 1158 1783 1222 et
1815 1151 1894 1220 in
1927 1157 2341 1220 senatorum
2375 1169 2759 1220 numerum
2800 1146 3113 1232 referre3
3162 1167 3331 1218 cum

532 1293 696 1342 eum
751 1271 834 1340 in
887 1267 1430 1362 quatuordecim
1480 1267 1666 1340 locet
1713 1264 2076 1338 Martialis
2124 1265 2461 1336 laudatus
2512 1286 2751 1358 supra,
2804 1273 2878 1336 et
2926 1260 3049 1336 lib.
3105 1281 3160 1334 1.
3210 1285 3325 1355 ep.

535 1403 811 1458 xxxn.

1137 1494 1328 1556 Grata
1355 1491 1592 1553 Pudens
1619 1491 1817 1552 meriti
1842 1491 2050 1554 tulerit
2075 1512 2210 1554 cum
2237 1492 2494 1574 praemia
2518 1491 2645 1573 pili.

629 1612 846 1695 Quod
869 1611 958 1682 de
981 1620 1302 1702 tempore
1328 1609 1549 1690 exilii,
1574 1615 1650 1678 et
1671 1609 2092 1700 nuptiarum
2125 1631 2291 1682 cum
2326 1609 2651 1692 Claudia,
2677 1616 2867 1680 certe
2886 1616 3138 1701 postea
3161 1617 3208 1652 ‘⁸
3226 1631 3333 1682 se-

531 1739 742 1804 nator
774 1729 868 1800 ab
898 1728 1241 1820 apostolis
1277 1725 1572 1798 Christo
1604 1725 1686 1796 in
1717 1723 2076 1816 baptismo
2109 1725 2481 1808 vestitus,”
2522 1726 2626 1796 ait
2658 1723 3137 1820 Martyrolog.
3182 1725 3331 1798 Ro-

534 1868 724 1919 man.
761 1862 944 1916 xlx.
980 1842 1188 1924 Maii,
1240 1850 1285 1884 ‘⁶
1317 1842 1767 1912 innocentem
1803 1840 2122 1912 tunicam
2153 1863 2385 1933 usque
2430 1842 2521 1912 ad
2570 1841 2765 1914 vitae
2812 1863 3149 1914 coronam
3198 1843 3335 1914 im-

536 1964 890 2034 maculate
921 1957 1374 2032 custodivit.”
1433 1953 1712 2028 Eadem
1745 1955 1970 2040 Beda,
2003 1954 2409 2042 Usuardus,
2443 1956 2613 2030 Ado
2644 1955 3059 2030 Trevirens.
3086 1967 3160 2030 et
3182 1960 3333 2030 alii.

533 2075 872 2148 Meminit
905 2077 1062 2169 eJus
1094 2072 1332 2144 Divus
1365 2069 1638 2142 Paulus
1673 2071 1880 2163 epist.
1921 2089 2007 2144 11.
2044 2074 2137 2144 ad
2171 2071 2639 2146 Timotheum
2682 2096 2839 2166 cap.
2874 2093 2985 2146 lv.
3042 2075 3125 2146 in
3166 2074 3333 2158 fine,

532 2201 608 2264 et
637 2193 719 2262 in
752 2193 910 2287 ejus
943 2189 1238 2262 aedibus
1273 2188 1370 2260 D.
1408 2187 1708 2260 Petrum
1754 2189 2247 2279 apostolorum
2276 2189 2675 2282 principem
2708 2189 2983 2262 Romae
3014 2192 3333 2284 primum

533 2309 978 2380 diversatum
1009 2315 1346 2378 constans
1375 2303 1470 2376 ab
1505 2303 1938 2394 antiquitate
1969 2301 2166 2376 fama
2207 2307 2586 2397 persuasit.
2637 2305 2911 2378 Baron.
2956 2307 3051 2376 ad
3096 2309 3335 2380 locum

537 2423 1012 2518 Martyrolog.
1059 2420 1456 2492 laudatum.
1513 2413 1818 2491 Liberos
1857 2429 2101 2492 autem
2142 2423 2423 2512 peperit
2469 2420 2787 2494 Pudenti
2834 2419 3141 2496 Claudia
3186 2431 3335 2494 tres

536 2547 844 2622 sanctos,
911 2535 1310 2619 Novatum,
1381 2533 1932 2619 Pudentianam,
2004 2535 2417 2621 Paxedem3
2486 2537 2577 2608 de
2632 2537 2901 2632 quibus
2956 2538 3107 2610 suis
3158 2539 3333 2610 locis

535 2657 670 2728 hoc
723 2676 956 2746 opere.
1057 2651 1134 2724 N
1135 2675 1214 2723 ec
1263 2673 1434 2723 vero
1483 2648 1876 2722 Parsonius
1927 2675 2088 2724 eam
2133 2653 2459 2749 Anglam
2504 2653 2703 2736 facit,
2752 2655 2905 2726 imo
2950 2654 3209 2747 probat
3255 2656 3335 2726 in

537 2770 1022 2844 Conversione
1051 2765 1460 2863 Anglicana
1489 2788 1635 2838 non
1669 2767 1990 2860 potuisse
2023 2791 2178 2841 esse
2207 2769 2577 2865 Anglam3
2629 2779 2705 2842 et
2736 2770 3023 2842 Scotam
3054 2769 3229 2844 facit
3254 2788 3334 2841 V.

538 2889 620 2958 cl.
655 2885 988 2958 Andreas
1023 2883 1396 2956 Marianus
1429 2882 1802 2973 Lucensis,
1837 2884 2108 2969 doctor,
2155 2909 2241 2958 ac
2284 2885 2646 2978 professor
2688 2886 3059 2958 Bononiae
3102 2888 3335 2978 philo-

538 3003 852 3095 sophiae,
885 3003 966 3071 in
996 2999 1226 3072 literis
1259 2999 1458 3070 hisce
1489 2999 1758 3072 nostris
1789 3001 2005 3094 longe
2037 3003 2607 3074 versatissimus:
2648 3003 2713 3074 is
2746 3025 2921 3098 ergo
2952 3004 3033 3073 in
3066 3002 3335 3074 Ruinis

539 3119 812 3192 Romae
843 3118 968 3190 lib.
997 3135 1124 3188 111.
1156 3115 1345 3210 epig.
1373 3133 1674 3188 xxxlv.
1703 3116 1805 3187 sic
1831 3116 1920 3188 ad
1947 3115 2359 3208 pontificem
2382 3116 2761 3189 Urbanum
2784 3121 3333 3212 11x.loquitur:

1139 3277 1235 3337 Tu
1267 3277 1524 3337 Romane
1551 3273 1804 3348 Pudens,
1834 3287 1906 3360 tu
1935 3276 2140 3337 Scotae
2166 3277 2412 3337 Claudia
2437 3279 2653 3358 gentis,

1221 3371 1489 3432 Pontifici
1515 3371 1770 3451 primum
1795 3370 2054 3450 panditis
2077 3372 2413 3452 hospitium.

1139 3465 1452 3526 Fortunati
1477 3466 1664 3536 ambo,
1689 3485 1938 3546 quorum
1962 3465 2168 3528 domus
2191 3468 2422 3548 hospita
2450 3469 2625 3532 Petro

1218 3561 1415 3622 Tutus
1441 3571 1565 3622 erat
1589 3570 1796 3641 portus
1821 3563 1986 3622 navis
2011 3563 2372 3642 apostolicae.

1145 3654 1393 3716 Claudia
1416 3655 1654 3718 vestalis
1678 3675 1896 3716 numen
1923 3676 2247 3736 navemque
2272 3659 2511 3739 recepit,

1219 3748 1392 3828 Cepit
1413 3749 1739 3809 naviculam
1767 3749 2032 3820 Claudia,
2061 3749 2255 3824 Petre,
2281 3763 2464 3812 tuam.

646 3915 1026 4008 Scripsisse
1059 3923 1300 3986 autem
1333 3913 1638 3986 Claudia
1667 3916 1932 3988 dicitur

832 4029 1383 4124 Epigrammata
2324 4032 2447 4102 lib.
2486 4051 2541 4102 1.

639 4145 980 4218 Florebat
1000 4165 1190 4217 anno
1209 4145 1422 4216 salut.
1445 4161 1626 4216 xcu
1635 4161 1684 4214 1.
1707 4151 1836 4214 aut
1854 4155 2139 4236 praeter
2157 4156 2472 4237 propter.
2522 4145 2709 4220 Eam
2731 4150 2949 4222 etiam
2974 4151 3167 4224 inter
3184 4174 3331 4226 ma-

545 4273 794 4334 tronas
852 4260 1064 4330 laude
1123 4260 1602 4331 continentiae
1658 4260 2088 4332 clarissimas
2153 4271 2489 4334 numerat
2555 4263 2987 4338 Plutarchus
3053 4268 3178 4338 lib.
3239 4272 3329 4341 de

539 4381 850 4474 Conjug.
887 4378 1256 4470 Praecept.
1292 4377 1384 4448 ad
1422 4375 1662 4448 finem.

1470 4571 1542 4642 S.
1597 4569 2134 4642 CLAUDIUS.
2238 4579 2406 4648 303.

545 4725 618 4798 S.
705 4724 1152 4807 CLAunms,
1238 4721 1534 4794 Alcuini
1625 4719 1818 4792 Scoti
1901 4720 2192 4814 collega,
2276 4733 2747 4815 cognomento
2832 4725 3181 4810 Clemens,
3256 4731 3337 4800 in

545 4839 924 4912 academiis
980 4837 1370 4909 Parisiensi
1419 4844 1493 4908 et
1545 4834 1910 4905 Ticinensi
1961 4836 2317 4928 erigendis
2369 4859 2657 4928 operam
2708 4843 3024 4912 navavit.
3086 4840 3334 4938 Aegy-
