4384 5817
1187 539 1544 614 GENTIS
1589 543 2150 625 SCOTORUM,
2198 545 2381 614 LIB.
2430 545 2562 614 111.
3153 547 3295 614 175

479 737 814 819 Scotiam,
851 734 1283 806 Hiberniam
1316 735 1482 806 fidei
1515 737 1943 808 rudimentis
1977 737 2452 828 praedicando
2486 737 2860 808 imbuisset
2884 735 2920 804 P
2976 738 3143 830 quis
3176 737 3282 806 in-

475 873 694 942 super
717 853 798 922 in
824 850 1065 922 Gallia
1097 849 1478 921 almificam
1513 859 1587 922 et
1612 851 2160 922 famatissimam
2185 853 2385 922 illam
2420 849 2899 922 Parisiensem
2926 852 3285 922 universi-

477 975 702 1038 tatem
750 967 1244 1038 instituisset?
1297 967 1461 1058 quis
1508 967 2090 1058 potentissimum
2143 969 2596 1060 nobilemque
2644 967 2724 1037 in
2776 966 3087 1038 Francia
3134 968 3289 1060 epi-

475 1090 846 1173 scopatum
881 1081 1090 1152 illum
1129 1080 1722 1174 Herbipolensem
1755 1081 2129 1154 fundasset
2149 1082 2184 1152 ⁰?
2238 1104 2454 1173 quem
2487 1084 2741 1176 utique
2786 1083 2881 1154 D.
2920 1083 3282 1154 Burchar-

474 1198 673 1280 dum,
711 1197 1030 1289 primum
1067 1198 1226 1291 ejus
1279 1197 1609 1268 ecclesiae
1653 1198 2076 1288 praesidem,
2125 1198 2338 1268 sicuti
2386 1206 2460 1267 et
2504 1197 2985 1270 Parisiensem
3036 1201 3283 1270 acade-

474 1313 698 1382 miam
753 1311 1158 1404 Alquinum
1223 1315 1418 1410 [lege
1477 1321 1561 1384 ut
1619 1334 1860 1403 supra,
1919 1307 2361 1408 Alcm‘mtm]
2419 1315 2650 1384 nostri
2692 1315 2963 1385 ordinis
3015 1325 3279 1406 patres,

471 1427 814 1500 fundasse
845 1429 1322 1500 certissimum
1360 1429 1535 1500 est.”
1603 1426 1793 1521 Ejus
1820 1440 1992 1500 sunt
2027 1453 2072 1502 a
2097 1427 2509 1502 Trithemio
2544 1439 2616 1501 et
2650 1427 2969 1501 Gesnero
3002 1431 3277 1522 posita:

770 1542 862 1614 In
893 1545 1216 1637 quinque
1248 1544 1470 1616 libros
1507 1543 1787 1635 Moysis
2546 1545 2670 1616 lib.
2710 1563 2785 1614 V.

768 1662 861 1734 In
891 1661 1234 1734 Judicum
2546 1661 2670 1731 lib.
2710 1679 2764 1730 1.

774 1775 866 1848 In
897 1777 1106 1849 Ruth
2545 1777 2671 1848 lib.
2708 1793 2761 1846 1.

772 1892 864 1964 In
896 1892 1074 1964 Divi
1107 1894 1321 1965 Pauli
1356 1893 1728 1986 Epistolas
2540 1893 2663 1962 lib.
2706 1908 2758 1961 1.
2809 1890 2967 1962 MS.
3005 1889 3275 1962 Casini.

867 2009 1136 2094 Uvion,
1189 2012 1318 2102 qui
1370 2032 1552 2102 opus
1605 2011 1808 2094 illud,
1860 2012 2015 2082 loco
2063 2010 2379 2092 laudato,
2428 2006 2997 2102 Longobardicis
3050 2006 3279 2078 literis

870 2137 1117 2198 extare
1149 2127 1391 2218 prodit
1426 2149 1718 2198 scamno
1753 2144 1834 2197 v·

770 2242 862 2314 In
894 2242 945 2313 J
945 2265 1118 2314 osue
2543 2238 2669 2309 lib.
2708 2258 2761 2311 1.

767 2358 1210 2444 Matthaeus,
1248 2381 1378 2431 seu
1411 2359 2053 2455 Evangelistarum
2088 2355 2511 2439 Concordia,
2537 2355 2664 2426 lib.
2704 2373 2758 2425 1.

768 2474 860 2546 In
893 2473 1332 2546 Psalterium
2540 2472 2664 2543 lib.
2705 2489 2757 2542 1.

567 2591 858 2664 Floruit
893 2592 1031 2661 sub
1072 2589 1352 2660 Achaio
1397 2589 1677 2662 Scotiae
1717 2613 1908 2685 rege,
1954 2599 2029 2660 et
2072 2587 2331 2660 Carolo
2377 2586 2655 2683 Magno
2695 2583 3042 2657 Franciae
3086 2609 3278 2680 rege,

471 2729 660 2779 anno
695 2723 1026 2777 nccxc1.
1061 2705 1243 2777 obiit
1274 2727 1447 2775 vero
1480 2728 1670 2776 anno
1715 2723 1950 2776 Dece.
2001 2704 2115 2774 vel
2161 2719 2556 2788 nccnxvl.
2608 2701 2725 2772 die
2769 2719 2959 2772 xm.
3006 2702 3275 2773 calend.

468 2822 706 2915 April.
792 2821 1042 2892 Uvion
1073 2819 1342 2892 ibidem
1374 2823 1536 2892 loci.

987 3049 1508 3125 CLAUDIUS
1557 3049 2050 3124 CLEMENS
2100 3048 2482 3124 ALTER.
2588 3055 2758 3124 304.

467 3283 792 3355 EADEM
838 3294 1056 3380 gente
1101 3297 1174 3359 et
1215 3285 1644 3380 cognomine
1679 3283 2023 3357 Claudius
2059 3283 2413 3368 Clemens,
2459 3285 2585 3354 sed
2629 3286 2843 3375 paulo
2878 3286 3107 3356 serius
3142 3285 3268 3356 88.

466 3399 872 3496 theologiae
921 3403 1165 3474 studia
1211 3423 1358 3472 non
1409 3401 1812 3495 vulgariter
1856 3401 2191 3481 excoluit,
2252 3401 2519 3470 illustri
2568 3403 2723 3472 loeo
2772 3409 3011 3482 natus,
3063 3423 3272 3472 carus

467 3513 846 3586 Ludovico
880 3515 1015 3588 Pio
1059 3516 1501 3609 imperatori,
1548 3519 1756 3612 cujus
1803 3514 2279 3606 expeditionis
2324 3515 2403 3583 in
2448 3513 2519 3583 N
2524 3536 2854 3585 ormanos
2904 3526 3271 3607 susceptae

469 3631 804 3702 meminit
860 3632 940 3702 in
991 3631 1432 3723 praefatione
1491 3633 1585 3702 ad
1632 3631 2041 3724 Epistolam
2090 3629 2186 3700 D.
2241 3628 2452 3699 Pauli
2501 3629 2594 3699 ad
2644 3628 2985 3702 Galatasz
3036 3653 3081 3701 a
3127 3654 3271 3723 quo

466 3749 844 3839 episcopus
909 3747 1382 3819 Taurinensis
1447 3749 1527 3817 in
1586 3745 2054 3818 Pedemontio
2114 3752 2588 3829 consecratus,
2664 3748 2847 3816 male
2914 3748 3001 3816 de
3063 3769 3271 3818 cruce

467 3863 728 3946 sensit,
771 3871 1159 3956 contraque
1219 3886 1382 3934 eum
1435 3865 1702 3936 librum
1759 3861 1983 3933 edidit
2025 3858 2251 3930 Jonas
2298 3860 2669 3952 episcopus
2712 3857 3087 3932 Aurelian.
3144 3859 3270 3932 Vi-

469 3979 798 4072 gornien.
835 4000 1025 4048 anno
1060 3996 1484 4051 DCCCan.
1546 3978 1763 4051 Falso
1796 3999 1960 4048 cum
1986 3975 2436 4068 praecedenti
2461 3975 2913 4046 confundunt
2945 3989 3120 4048 tom.
3147 3996 3264 4048 1x.

465 4091 902 4164 Bibliothec.
939 4092 1065 4164 88.
1102 4093 1406 4165 Patrum
1439 4094 1756 4188 theologi
1791 4091 2293 4174 Colonienses3
2330 4113 2497 4162 nam
2533 4100 2729 4163 aetas
2762 4114 2909 4164 non
2932 4094 3263 4185 quadrat,

461 4208 604 4280 etsi
635 4207 988 4304 quaedam
1021 4209 1288 4300 scripta
1322 4211 1568 4281 eodem
1603 4211 2211 4302 sint-argumento
2246 4217 2597 4298 suscepta,
2644 4218 2718 4279 et
2760 4209 2974 4279 titulo
3015 4209 3265 4280 eodem

461 4323 774 4395 emissa}
805 4323 924 4395 hic
957 4333 1199 4395 tamen
1234 4334 1552 4416 tempore
1586 4325 1941 4416 posterior
1971 4321 2138 4406 fuit,
2175 4330 2251 4393 et
2283 4345 2447 4393 cum
2480 4323 2601 4392 ille
2633 4325 2712 4394 in
2738 4322 3013 4408 Galliis,
3043 4325 3161 4397 hic
3186 4327 3265 4396 in

459 4437 685 4512 Italia
711 4448 954 4510 sancte
980 4440 1258 4534 agebat.
1338 4439 1550 4512 Joan.
1589 4439 1830 4533 Major
1861 4439 1986 4510 lib.
2025 4456 2116 4508 11.
2153 4437 2349 4508 Hist.
2380 4440 2569 4511 Scot.
2616 4462 2769 4532 cap.
2807 4458 2993 4512 xm.
3041 4443 3262 4534 impe-

459 4555 604 4627 rite
639 4555 858 4626 etiam
893 4554 1288 4626 confundit.
1375 4554 1578 4627 Inter
1609 4553 1910 4626 Latinos
1943 4563 2190 4647 poetas
2227 4576 2393 4626 eum
2423 4553 2659 4630 Lilius
2692 4555 3053 4651 Gyraldus
3089 4557 3263 4628 Fer-

459 4666 808 4743 rariensis
843 4669 1070 4760 ponit.
1172 4668 1364 4764 Ejus
1397 4680 1612 4742 sunt:

763 4783 1172 4858 Sententiae
1204 4787 1558 4881 quaedam
1592 4785 2067 4882 Theologicae
2338 4787 2463 4860 lib.
2504 4806 2557 4861 1.
2591 4799 2841 4861 contra
2870 4811 3052 4882 quas
3087 4791 3257 4862 scri-

1779 4907 1828 4974 2
1862 4925 1920 4976 A
