4384 5817
1048 439 1175 504 116
1811 441 2279 512 HISTORIA
2320 442 3072 514 ECCLESIASTICA

1657 629 2018 710 Aequabunt
2039 629 2279 710 genium
2304 628 2493 692 felicia
2516 630 2807 704 caminia.
2832 641 2897 693 et
2916 649 3073 712 quaa

1739 723 2977 806 Orbiahabetfamaecomciaaignatmcz

1657 817 1940 900 Namque
1955 819 2032 881 ad
2055 839 2391 902 supremum
2416 819 2697 900 perducta
2720 820 2947 902 poetica
2968 821 3205 884 culmen

1747 913 1822 975 In
1845 923 1910 976 te
1933 923 2072 988 stat,
2099 933 2209 976 nec
2231 933 2349 995 quo
2370 913 2773 996 progrediatur
2797 915 2993 978 habet.

1663 1007 1904 1090 Imperii
1927 1009 2122 1072 fuerat
2147 1009 2397 1071 Romani
2425 1007 2621 1070 Scotia
2644 1007 2837 1082 limes,

1743 1103 1994 1165 Romam
2019 1103 2235 1186 eloquii
2260 1103 2458 1166 Scotia
2482 1103 2617 1165 finis
2642 1103 2775 1166 crit.

1641 1301 2114 1376 HENRICU
2114 1302 2168 1376 S
2218 1299 2997 1376 BLACVODAEUS.
3102 1307 3269 1376 201.

1066 1451 1506 1526 Hnmueus
1553 1452 2042 1526 Blacvodaeus
2091 1451 2715 1528 Sanctandreanue
2764 1453 3161 1526 clarissimo
3209 1455 3501 1528 nomine
3548 1458 3856 1550 philoso-

1063 1569 1310 1660 phiam
1343 1567 1678 1642 Lutetiae
1707 1567 2179 1662 profitebatur
2210 1589 2401 1642 anno
2432 1569 2647 1640 salut.
2686 1583 2931 1640 unm.
2980 1577 3065 1640 ut
3112 1569 3193 1642 in
3234 1572 3415 1644 actis
3458 1575 3859 1646 academiae

1061 1665 1378 1780 ejusdem
1407 1704 1457 1770 ς,
1481 1684 1738 1756 exinde
1783 1682 2174 1756 medicinae
2222 1682 2473 1754 doctor
2520 1705 2679 1754 eam
2726 1691 2957 1756 artem
3018 1684 3301 1780 ingenti
3358 1709 3491 1760 auo
3548 1690 3859 1771 nomine,

1064 1801 1456 1872 multorum
1513 1821 1687 1872 vero
1743 1797 2134 1884 commodo,
2204 1797 2583 1890 praecipue
2638 1808 2839 1892 penta
2894 1799 3281 1886 saeviente,
3336 1803 3601 1876 ibidem
3662 1827 3859 1876 exer-

1065 1915 1236 1990 cuit.
1335 1913 1526 2011 Ejus
1557 1925 1732 1990 aunt
1763 1913 2002 1987 edita:

1357 2027 1448 2102 In
1481 2031 1856 2127 organum
1889 2028 2305 2106 Aristotelis
2340 2027 2872 2104 Commentaria
3196 2031 3319 2104 lib.
3360 2049 3411 2105 1.

1365 2145 1670 2218 Collatio
1705 2143 2209 2236 Philosophiae
2238 2152 2459 2238 atque
2490 2143 2892 2219 Medicinae
3196 2147 3321 2221 lib.
3359 2165 3411 2220 1.

1356 2259 1470 2333 De
1501 2261 1712 2333 claris
1747 2259 2049 2332 Medicis
3192 2263 3317 2336 lib.
3354 2281 3506 2336 ΧΠ.

1163 2375 1380 2452 MSS.
1409 2398 1585 2450 vero
1615 2378 1808 2469 apud
1841 2377 2136 2448 heredes
2167 2397 2385 2468 quam
2420 2377 2775 2469 plurima:
2824 2379 2907 2450 in
2936 2378 3077 2465 hia,

1363 2491 1925 2566 Animadveraio
1953 2493 2032 2562 in
2065 2513 2313 2564 omnes
2346 2489 2603 2564 Galeni
2634 2491 2895 2568 Libros
3192 2494 3323 2568 lib.
3360 2513 3409 2568 1.

1361 2606 1826 2701 Hippocratis
1853 2608 2209 2701 quaedam
2244 2629 2406 2678 cum
2440 2604 2658 2678 MSS.
2692 2610 2951 2682 collata
3192 2610 3319 2682 lib.
3354 2628 3409 2682 1.

1362 2720 1456 2795 In
1485 2721 1984 2794 Alexandrum
2017 2721 2467 2794 Trallianum
2502 2720 2907 2796 Comment.
3198 2724 3323 2798 lib.
3362 2743 3415 2796 1.

1364 2835 1724 2912 Locorum
1757 2838 2213 2931 quorundam
2250 2835 2473 2908 Plinii
2504 2833 2923 2931 Explicatio
3198 2840 3323 2914 lib.
3361 2857 3417 2912 1.

1169 2953 1376 3028 Obiit
1407 2951 1745 3026 Lutetiae
1777 2975 1967 3028 anno
2003 2969 2363 3026 MDCXIV.

1697 3149 2130 3224 ADAMUS
2178 3149 2956 3228 BLACVODAEUS.
3060 3159 3231 3228 202.

1075 3304 1440 3376 Amnes
1489 3301 2000 3384 Blacvodaeus,
2049 3299 2277 3372 frater
2326 3299 2653 3389 Henrici,
2702 3304 2949 3376 eodem
3000 3303 3219 3376 etiam
3268 3312 3589 3396 tempore
3636 3304 3863 3374 eidem

1071 3419 1314 3492 studio
1345 3417 1646 3490 Parisiis
1679 3439 1756 3488 se
1789 3416 2112 3501 addixit;
2145 3437 2317 3488 nam
2348 3419 2475 3492 ubi
2508 3418 3061 3492 celebratissima
3090 3418 3515 3492 eruditionis
3548 3417 3765 3504 fama,
3790 3430 3865 3490 et

1070 3533 1388 3606 maximo
1433 3533 1843 3604 auditorum
1887 3553 2237 3604 concursu
2280 3531 2562 3624 publice
2608 3533 3135 3626 philosophiam
3180 3531 3440 3606 fuisset
3480 3531 3867 3625 professus,

1072 3650 1152 3722 in
1203 3649 1644 3728 famulitium
1699 3649 2251 3744 augustissimae
2304 3647 2679 3720 Scotorum
2726 3651 3017 3744 reginae
3060 3648 3329 3722 ascitus
3368 3656 3445 3720 et
3484 3647 3655 3720 boni
3704 3649 3865 3720 aub-

1074 3763 1210 3835 diti
1257 3773 1334 3836 et
1379 3763 1849 3836 literatissimi
1901 3764 2042 3834 viri
2091 3771 2332 3855 partes
2380 3762 2759 3856 implevit3
2810 3773 2968 3834 tum
3019 3765 3307 3836 demum
3352 3765 3433 3837 in
3474 3763 3866 3856 municipa-

1075 3881 1216 3950 lem
1275 3877 1658 3960 Pictonum
1717 3880 1987 3950 curiam
2058 3879 2375 3962 allectuS,
2429 3879 2661 3972 judex
2726 3879 3198 3970 aequissimus
3264 3878 3575 3963 habituS,
3618 3880 3627 3891 '
3639 3879 3870 3973 gloria
4016 3929 4027 3934 -

1079 3993 1362 4066 abunde
1417 4003 1650 4086 parta,
1700 3995 1900 4065 aenio
1947 3991 2309 4064 confectus
2359 3993 2683 4065 excessit.
2784 3989 2973 4088 Ejus
3020 4003 3195 4066 sunt
3238 3993 3543 4080 infinita,
3606 3993 3732 4065 sed
3792 3995 3867 4064 in

1079 4131 1336 4182 manue
1369 4131 1565 4181 meas
1599 4116 1953 4180 venerunt
1979 4127 2229 4199 pauca.

1371 4223 1811 4318 Martyrium
1845 4221 2168 4318 Reginae
2200 4219 2481 4296 Scotiae
3200 4223 3327 4298 lib.
3362 4241 3417 4296 1.

1377 4337 1426 4408 J
1427 4337 1723 4410 esabelis
1756 4336 2199 4432 Anglicanae
2238 4335 2691 4430 vituperium
3208 4339 3339 4414 lib.
3369 4355 3421 4410 1.

1371 4451 1633 4524 Scotici
1667 4451 1905 4547 Regni
1939 4472 2101 4522 cum
2137 4453 2297 4525 aliia
2332 4451 2789 4546 Comparatio
3208 4454 3332 4528 lib.
3372 4473 3424 4526 1.

1367 4566 1480 4640 De
1503 4568 1743 4640 stabili
1768 4567 2139 4640 Scotorum
2169 4567 2349 4642 Fide
2368 4579 2533 4662 post
2556 4579 2955 4664 susceptam
2986 4567 3231 4644 Evan-

1459 4684 1630 4780 gelii
1661 4685 1892 4758 lucem
3204 4683 3327 4756 lib.
3366 4700 3421 4755 1.
