4384 5817
1292 503 1649 574 GENTIS
1692 503 2252 589 SCOTORUM,
2296 503 2478 576 LIB.
2517 507 2578 576 13·
3255 509 3340 572 45

844 691 919 764 S.
950 691 1289 794 3Andreae
1321 691 1764 786 Episcopum
2327 695 2454 767 lib.
2490 712 2549 766 1.

842 807 967 879 Ad
996 806 1308 879 Lucium
1341 805 1483 879 111.
1524 806 1939 882 Pontificem
2331 809 2458 882 lib.
2495 827 2548 880 1.

646 922 930 996 Floruit
961 944 1153 996 anno
1186 939 1645 996 ucnxxxn.

1008 1153 1449 1243 ALANUS,
1498 1172 1653 1230 anu
1700 1153 1849 1228 AN
1852 1153 2572 1230 TICLAUDIANU
2573 1154 2648 1228 S.
2751 1159 2874 1236 '712

550 1387 924 1474 Anu-ms,
956 1396 1427 1484 cog-nomento
1448 1383 1545 1459 ab
1567 1383 1875 1473 Imh'e,
1899 1387 1979 1458 in
2001 1386 2228 1460 Mona
2247 1388 2486 1460 insula
2515 1395 2753 1472 nanze,-
2787 1387 3087 1482 antiqua
3119 1387 3337 1460 Drui-

548 1504 725 1574 ‹lum
779 1503 967 1587 sede,
1024 1525 1071 1574 a
1125 1505 1485 1596 plerisque
1541 1501 1881 1598 Magnus,
1936 1502 2271 1595 idemque
2324 1500 2928 1575 Anticlaudianus
2979 1501 3075 1574 ab
3123 1525 3336 1596 opere

548 1619 838 1691 nomine
860 1620 1098 1704 ducto,
1122 1639 1269 1691 non
1294 1627 1547 1691 eontra
1568 1617 2047 1690 Claudianum
2070 1617 2386 1709 quidem,
2411 1617 2535 1688 sed
2560 1617 2651 1689 ad
2677 1618 2835 1712 ejus
2859 1617 3335 1690 imitationem

547 1735 763 1818 edito,
794 1754 993 1805 more
1022 1733 1219 1804 illius
1234 1734 1493 1807 seculi.
1592 1733 1713 1804 Sic
1744 1731 2123 1804 Ennodius
2158 1730 2370 1803 Felix
2419 1729 2844 1816 Ticinensis,
2895 1731 3072 1802 dum
3103 1732 3338 1804 imita-

546 1849 611 1918 ri
668 1849 831 1920 vult
881 1846 1261 1919 Claudiani
1314 1847 1777 1944 epigramma,
1832 1845 2273 1942 epigraphen
2319 1867 2453 1920 suo
2499 1847 3000 1942 epigrammati
3044 1863 3334 1919 cxxw.
3393 1874 3420 1890 ··

548 1961 717 2034 fecit
751 1969 797 2004 ‘⁶
828 1961 1172 2033 adversus
1204 1959 1684 2032 Claudianum
1716 1959 1805 2030 de
1838 1959 2244 2045 Mulabus,”
2273 1969 2348 2033 et
2379 1961 2524 2032 alia
2554 1960 2748 2054 apud
2779 1961 2980 2034 alios.

646 2075 1019 2170 Rupertus
1068 2074 1449 2148 Holootius
1496 2075 1775 2167 primus
1822 2075 1891 2146 ei
1937 2075 2251 2168 poemati
2308 2075 2622 2147 auctoris
2674 2090 2938 2148 nomen
2993 2065 3334 2162 restituit,

549 2213 715 2264 eum
768 2191 912 2262 viri
968 2191 1289 2282 alioquin
1344 2191 1611 2262 eruditi
1668 2199 1849 2262 eum·
1890 2187 2434 2264 Anticlaudiani
2491 2190 2779 2263 nomine
2835 2199 3124 2264 tantum
3182 2193 3339 2263 lau·

548 2307 746 2379 dut.
844 2305 937 2378 In
966 2305 1083 2378 his
1115 2304 1541 2390 Germanus,
1572 2305 1867 2389 Savum,
1898 2301 1952 2374 J
1950 2326 2054 2377 ae.
2088 2303 2406 2390 Lectius,
2440 2303 2567 2377 Fr.
2603 2303 2948 2391 Turetus,
3000 2303 3338 2398 Baptista

548 2421 731 2494 Pius
760 2421 1261 2505 Bononiensis,
1294 2429 1369 2494 et
1398 2420 1548 2505 alii,
1592 2419 1759 2494 lieet
1804 2421 1871 2492 ei
1912 2441 2171 2514 parum
2213 2441 2486 2514 aequus
2527 2421 2626 2494 sit
2669 2419 2906 2496 Lilius
2949 2417 3332 2515 Gyraldus.

542 2537 848 2631 Scripsit

837 2654 954 2726 De
986 2653 1237 2728 Officio
1269 2654 1432 2728 Viri
1464 2653 1637 2727 boni
2429 2655 2554 2730 lib.
2589 2675 2708 2730 lx.

840 2768 1073 2863 Super
1104 2768 1509 2842 Sententias
2431 2771 2558 2844 lib.
2593 2787 2706 2843 lv.

839 2884 1149 2956 Oculum
1180 2887 1423 2958 saetae
1454 2882 1865 2978 Scripturae
2427 2884 2555 2957 lib.
2589 2900 2644 2956 Ι.

836 2997 951 3073 De
980 2998 1333 3071 Doctrina
2425 2998 2554 3071 lib.
2589 3017 2644 3071 1.

841 3112 934 3185 In
964 3115 1287 3207 quinque
1317 3111 1577 3185 Libros
1610 3113 1892 3208 Moysis
2418 3113 2545 3187 lib.
2581 3129 2659 3186 v·

842 3225 933 3302 In
965 3227 1267 3300 Cantica
1297 3227 1763 3300 Canticorum
2421 3227 2548 3302 lib.
2585 3245 2640 3300 Ι.

836 3340 947 3414 De
982 3341 1436 3415 Poenitentia
2428 3343 2556 3416 lib.
2590 3355 2701 3416 lv.

837 3456 951 3529 De
984 3457 1389 3551 aequivocis
1421 3455 1756 3550 Mystieis
2421 3458 2550 3531 lib.
2585 3475 2642 3532 1.

838 3570 949 3644 De
984 3571 1293 3645 Planetu
1324 3569 1651 3645 Naturae
2419 3571 2547 3646 lib.
2585 3590 2640 3646 1.

838 3687 950 3760 De
984 3687 1355 3760 Parabolis
2427 3687 2554 3760 lib.
2590 3703 2645 3758 1.

833 3802 947 3875 De
978 3801 1163 3874 Arte
1194 3801 1647 3893 praedicandi
2426 3801 2551 3873 lib.
2587 3817 2646 3872 1.

833 3918 948 3990 De
979 3915 1057 3988 N
1055 3917 1285 3989 aturis
1314 3915 1768 3989 Animalium
2425 3916 2550 3988 lib.
2589 3931 2643 3988 Ι.

839 4031 1337 4126 Epistolarum
2425 4031 2552 4104 lib.
2589 4048 2642 4105 1.

838 4145 1269 4231 Quodlibeta
2422 4146 2550 4220 lib.
2587 4163 2641 4218 1.

834 4260 949 4336 De
978 4285 1107 4334 sex
1136 4259 1303 4333 Alis
1334 4259 1728 4334 Cherubim
2417 4261 2544 4334 lib.
2580 4277 2638 4332 1.
2759 4285 2766 4290 ·

839 4375 954 4451 De
986 4375 1287 4449 Summa
1316 4373 1696 4448 Virtutum
1728 4388 1803 4449 et
1834 4373 2204 4451 Vitiorum
2423 4375 2548 4449 lib.
2586 4393 2643 4449 1.
2779 4449 2790 4458 ,

840 4477 1215 4565 Sermones
1247 4494 1492 4584 plures
2419 4490 2546 4563 lib.
2580 4506 2636 4562 1.

726 4689 734 4694 ,
840 4605 1407 4680 Commentarios
1440 4607 1521 4678 in
1552 4604 1795 4679 Biblia
1824 4627 2027 4680 saera
2204 4650 2207 4653 -
2419 4603 2546 4678 lib.
2583 4622 2637 4676 1.

840 4719 1187 4795 Lecturus
1217 4721 1309 4794 in·
1330 4719 1729 4816 Prophetas
2418 4717 2544 4792 lib.
2579 4735 2632 4792 1.
