<?xml version="1.0" encoding="UTF-8"?>
<!DOCTYPE html PUBLIC "-//W3C//DTD XHTML 1.0 Transitional//EN"
    "http://www.w3.org/TR/xhtml1/DTD/xhtml1-transitional.dtd">
<html xmlns="http://www.w3.org/1999/xhtml" xml:lang="en" lang="en">
 <head>
  <title>
</title>
<meta http-equiv="Content-Type" content="text/html;charset=utf-8" />
  <meta name='ocr-system' content='tesseract 3.04.00' />
  <meta name='ocr-capabilities' content='ocr_page ocr_carea ocr_par ocr_line ocrx_word'/>
</head>
<body>
  <div class='ocr_page' id='page_1' title='image "./thomaedempsteri00unkngoog_0046.png"; bbox 0 0 4384 5817; ppageno 0'>
   <div class='ocr_carea' id='block_1_1' title="bbox 522 821 3333 4810">
    <p class='ocr_par' dir='ltr' id='par_1_1' title="bbox 522 821 3333 4810">
     <span class='ocr_line' id='line_1_1' title="bbox 555 821 3321 939; baseline -0.004 -24"><span class='ocrx_word' id='word_1_1' title='bbox 555 828 1032 915; x_wconf 81' lang='lat' dir='ltr'>Placentiae</span> <span class='ocrx_word' id='word_1_2' title='bbox 1083 854 1178 911; x_wconf 89' lang='lat' dir='ltr'><strong>ac</strong></span> <span class='ocrx_word' id='word_1_3' title='bbox 1235 821 1584 912; x_wconf 80' lang='lat' dir='ltr'><strong>Parmae</strong></span> <span class='ocrx_word' id='word_1_4' title='bbox 1643 826 1992 927; x_wconf 87' lang='lat' dir='ltr'><strong>Ducem,</strong></span> <span class='ocrx_word' id='word_1_5' title='bbox 2054 826 2205 939; x_wconf 90' lang='lat' dir='ltr'><strong>qui</strong></span> <span class='ocrx_word' id='word_1_6' title='bbox 2270 852 2559 937; x_wconf 91' lang='lat' dir='ltr'><strong>penes</strong></span> <span class='ocrx_word' id='word_1_7' title='bbox 2586 837 2673 909; x_wconf 95' lang='lat' dir='ltr'><strong>te</strong></span> <span class='ocrx_word' id='word_1_8' title='bbox 2737 825 3019 907; x_wconf 88' lang='lat' dir='ltr'><strong>omnia</strong></span> <span class='ocrx_word' id='word_1_9' title='bbox 3082 824 3321 935; x_wconf 82' lang='lat' dir='ltr'>quasi</span> 
     </span>
     <span class='ocr_line' id='line_1_2' title="bbox 551 951 3321 1077; baseline -0.003 -35"><span class='ocrx_word' id='word_1_10' title='bbox 551 986 702 1042; x_wconf 87' lang='lat' dir='ltr'><strong>sua</strong></span> <span class='ocrx_word' id='word_1_11' title='bbox 768 954 1188 1069; x_wconf 83' lang='lat' dir='ltr'><strong>reposuit3</strong></span> <span class='ocrx_word' id='word_1_12' title='bbox 1265 984 1544 1068; x_wconf 90' lang='lat' dir='ltr'><strong>neque</strong></span> <span class='ocrx_word' id='word_1_13' title='bbox 1606 956 1905 1077; x_wconf 86' lang='lat' dir='ltr'><strong>quanti</strong></span> <span class='ocrx_word' id='word_1_14' title='bbox 1981 954 2239 1039; x_wconf 87' lang='lat' dir='ltr'><strong>fueris</strong></span> <span class='ocrx_word' id='word_1_15' title='bbox 2307 956 2536 1067; x_wconf 87' lang='lat' dir='ltr'><strong>apud</strong></span> <span class='ocrx_word' id='word_1_16' title='bbox 2598 982 3001 1066; x_wconf 90' lang='lat' dir='ltr'><strong>magnum</strong></span> <span class='ocrx_word' id='word_1_17' title='bbox 3076 951 3321 1035; x_wconf 91' lang='lat' dir='ltr'><strong>illum</strong></span> 
     </span>
     <span class='ocr_line' id='line_1_3' title="bbox 547 1064 3325 1213; baseline -0.003 -42"><span class='ocrx_word' id='word_1_18' title='bbox 547 1086 1104 1213; x_wconf 84' lang='lat' dir='ltr'><strong>Alphonsum,</strong></span> <span class='ocrx_word' id='word_1_19' title='bbox 1169 1086 1598 1198; x_wconf 89' lang='lat' dir='ltr'><strong>quondam</strong></span> <span class='ocrx_word' id='word_1_20' title='bbox 1667 1086 2325 1170; x_wconf 86' lang='lat' dir='ltr'><strong>Ferrariensium</strong></span> <span class='ocrx_word' id='word_1_21' title='bbox 2392 1064 2740 1182; x_wconf 88' lang='lat' dir='ltr'><strong>Ducem,</strong></span> <span class='ocrx_word' id='word_1_22' title='bbox 2818 1081 3046 1193; x_wconf 88' lang='lat' dir='ltr'><strong>apud</strong></span> <span class='ocrx_word' id='word_1_23' title='bbox 3120 1080 3325 1165; x_wconf 86' lang='lat' dir='ltr'><strong>Cae-</strong></span> 
     </span>
     <span class='ocr_line' id='line_1_4' title="bbox 549 1194 3323 1328; baseline -0.004 -26"><span class='ocrx_word' id='word_1_24' title='bbox 549 1244 837 1318; x_wconf 84' lang='lat' dir='ltr'><strong>sarem,</strong></span> <span class='ocrx_word' id='word_1_25' title='bbox 914 1228 1448 1328; x_wconf 83' lang='lat' dir='ltr'><strong>caeterosque</strong></span> <span class='ocrx_word' id='word_1_26' title='bbox 1523 1214 1754 1299; x_wconf 92' lang='lat' dir='ltr'><strong>illius</strong></span> <span class='ocrx_word' id='word_1_27' title='bbox 1829 1215 2190 1297; x_wconf 84' lang='lat' dir='ltr'><strong>invictae</strong></span> <span class='ocrx_word' id='word_1_28' title='bbox 2259 1194 2559 1297; x_wconf 85' lang='lat' dir='ltr'><strong>domus</strong></span> <span class='ocrx_word' id='word_1_29' title='bbox 2626 1212 3004 1296; x_wconf 87' lang='lat' dir='ltr'><strong>Estensis</strong></span> <span class='ocrx_word' id='word_1_30' title='bbox 3082 1208 3323 1296; x_wconf 89' lang='lat' dir='ltr'><strong>Prin-</strong></span> 
     </span>
     <span class='ocr_line' id='line_1_5' title="bbox 546 1337 3323 1457; baseline -0.004 -26"><span class='ocrx_word' id='word_1_31' title='bbox 546 1346 790 1457; x_wconf 82' lang='lat' dir='ltr'><strong>cipeS,</strong></span> <span class='ocrx_word' id='word_1_32' title='bbox 863 1347 1074 1431; x_wconf 86' lang='lat' dir='ltr'><strong>adeo</strong></span> <span class='ocrx_word' id='word_1_33' title='bbox 1149 1359 1251 1430; x_wconf 89' lang='lat' dir='ltr'><strong>ut</strong></span> <span class='ocrx_word' id='word_1_34' title='bbox 1315 1346 1470 1429; x_wconf 88' lang='lat' dir='ltr'><strong>tibi</strong></span> <span class='ocrx_word' id='word_1_35' title='bbox 1538 1345 1689 1430; x_wconf 92' lang='lat' dir='ltr'><strong>uni</strong></span> <span class='ocrx_word' id='word_1_36' title='bbox 1757 1370 2082 1428; x_wconf 90' lang='lat' dir='ltr'><strong>summa</strong></span> <span class='ocrx_word' id='word_1_37' title='bbox 2147 1342 2528 1426; x_wconf 92' lang='lat' dir='ltr'><strong>omnium</strong></span> <span class='ocrx_word' id='word_1_38' title='bbox 2594 1368 2878 1425; x_wconf 91' lang='lat' dir='ltr'><strong>rerum</strong></span> <span class='ocrx_word' id='word_1_39' title='bbox 2946 1337 3323 1423; x_wconf 88' lang='lat' dir='ltr'><strong>commit-</strong></span> 
     </span>
     <span class='ocr_line' id='line_1_6' title="bbox 545 1468 3319 1587; baseline -0.003 -30"><span class='ocrx_word' id='word_1_40' title='bbox 545 1482 869 1560; x_wconf 83' lang='lat' dir='ltr'><strong>teretur</strong></span> <span class='ocrx_word' id='word_1_41' title='bbox 943 1477 1049 1559; x_wconf 91' lang='lat' dir='ltr'><strong>ab</strong></span> <span class='ocrx_word' id='word_1_42' title='bbox 1122 1474 1303 1587; x_wconf 91' lang='lat' dir='ltr'><strong>ipso</strong></span> <span class='ocrx_word' id='word_1_43' title='bbox 1368 1474 1609 1559; x_wconf 87' lang='lat' dir='ltr'><strong>Duce</strong></span> <span class='ocrx_word' id='word_1_44' title='bbox 1685 1472 2181 1569; x_wconf 82' lang='lat' dir='ltr'><strong>Mutinensi,</strong></span> <span class='ocrx_word' id='word_1_45' title='bbox 2259 1498 2309 1553; x_wconf 92' lang='lat' dir='ltr'><strong>a</strong></span> <span class='ocrx_word' id='word_1_46' title='bbox 2383 1497 2554 1581; x_wconf 91' lang='lat' dir='ltr'><strong>quo</strong></span> <span class='ocrx_word' id='word_1_47' title='bbox 2631 1470 2961 1582; x_wconf 88' lang='lat' dir='ltr'><strong>quoties</strong></span> <span class='ocrx_word' id='word_1_48' title='bbox 3020 1468 3319 1551; x_wconf 88' lang='lat' dir='ltr'><strong>missus</strong></span> 
     </span>
     <span class='ocr_line' id='line_1_7' title="bbox 543 1592 3329 1713; baseline -0.002 -28"><span class='ocrx_word' id='word_1_49' title='bbox 543 1592 651 1685; x_wconf 87' lang='lat' dir='ltr'><strong>ad</strong></span> <span class='ocrx_word' id='word_1_50' title='bbox 725 1604 828 1687; x_wconf 60' lang='lat' dir='ltr'><strong>S:</strong></span> <span class='ocrx_word' id='word_1_51' title='bbox 873 1603 1390 1703; x_wconf 88' lang='lat' dir='ltr'><strong>Pontificem,</strong></span> <span class='ocrx_word' id='word_1_52' title='bbox 1457 1603 1566 1687; x_wconf 92' lang='lat' dir='ltr'><strong>ad</strong></span> <span class='ocrx_word' id='word_1_53' title='bbox 1633 1602 2269 1713; x_wconf 89' lang='lat' dir='ltr'><strong>Imperatorem,</strong></span> <span class='ocrx_word' id='word_1_54' title='bbox 2322 1601 2433 1682; x_wconf 91' lang='lat' dir='ltr'><strong>ad</strong></span> <span class='ocrx_word' id='word_1_55' title='bbox 2496 1598 2777 1683; x_wconf 87' lang='lat' dir='ltr'><strong>Duces</strong></span> <span class='ocrx_word' id='word_1_56' title='bbox 2810 1596 3329 1694; x_wconf 71' lang='lat' dir='ltr'><strong>‘Sabaudiae‚f</strong></span> 
     </span>
     <span class='ocr_line' id='line_1_8' title="bbox 539 1720 3329 1840; baseline -0.001 -27"><span class='ocrx_word' id='word_1_57' title='bbox 539 1720 748 1815; x_wconf 91' lang='lat' dir='ltr'><strong>Man</strong></span> <span class='ocrx_word' id='word_1_58' title='bbox 757 1744 972 1833; x_wconf 81' lang='lat' dir='ltr'><strong>tuae,</strong></span> <span class='ocrx_word' id='word_1_59' title='bbox 1051 1732 1460 1831; x_wconf 79' lang='lat' dir='ltr'><strong>Parmae,</strong></span> <span class='ocrx_word' id='word_1_60' title='bbox 1503 1730 1830 1831; x_wconf 89' lang='lat' dir='ltr'><strong>Urbini,</strong></span> <span class='ocrx_word' id='word_1_61' title='bbox 1919 1727 2293 1840; x_wconf 88' lang='lat' dir='ltr'><strong>aliosque</strong></span> <span class='ocrx_word' id='word_1_62' title='bbox 2382 1755 2749 1812; x_wconf 86' lang='lat' dir='ltr'><strong>summos</strong></span> <span class='ocrx_word' id='word_1_63' title='bbox 2827 1726 3073 1811; x_wconf 89' lang='lat' dir='ltr'><strong>Viros</strong></span> <span class='ocrx_word' id='word_1_64' title='bbox 3162 1724 3323 1809; x_wconf 91' lang='lat' dir='ltr'><strong>Le-</strong></span> <span class='ocrx_word' id='word_1_65' title='bbox 3322 1744 3329 1753; x_wconf 81' lang='grc'><strong><em>’</em></strong></span> 
     </span>
     <span class='ocr_line' id='line_1_9' title="bbox 538 1851 3333 1985; baseline -0.001 -42"><span class='ocrx_word' id='word_1_66' title='bbox 538 1851 804 1971; x_wconf 52' lang='lat' dir='ltr'><strong>gatus</strong></span> <span class='ocrx_word' id='word_1_67' title='bbox 871 1877 1313 1973; x_wconf 88' lang='lat' dir='ltr'><strong>nunquam</strong></span> <span class='ocrx_word' id='word_1_68' title='bbox 1390 1889 1536 1973; x_wconf 86' lang='lat' dir='ltr'><strong>spe</strong></span> <span class='ocrx_word' id='word_1_69' title='bbox 1593 1871 1762 1985; x_wconf 83' lang='lat' dir='ltr'><strong>tua</strong></span> <span class='ocrx_word' id='word_1_70' title='bbox 1834 1859 2286 1943; x_wconf 87' lang='lat' dir='ltr'><strong>frustratus</strong></span> <span class='ocrx_word' id='word_1_71' title='bbox 2345 1857 2639 1942; x_wconf 83' lang='lat' dir='ltr'><strong>iveris:</strong></span> <span class='ocrx_word' id='word_1_72' title='bbox 2715 1854 3333 1968; x_wconf 78' lang='lat' dir='ltr'><strong>praetermitto,-</strong></span> 
     </span>
     <span class='ocr_line' id='line_1_10' title="bbox 539 1978 3317 2099; baseline -0.001 -28"><span class='ocrx_word' id='word_1_73' title='bbox 539 2017 649 2071; x_wconf 93' lang='lat' dir='ltr'><strong>ne</strong></span> <span class='ocrx_word' id='word_1_74' title='bbox 715 1988 952 2073; x_wconf 83' lang='lat' dir='ltr'><strong>tuam</strong></span> <span class='ocrx_word' id='word_1_75' title='bbox 1017 1991 1110 2073; x_wconf 92' lang='lat' dir='ltr'><strong>in</strong></span> <span class='ocrx_word' id='word_1_76' title='bbox 1173 1989 1336 2074; x_wconf 92' lang='lat' dir='ltr'><strong>hoc</strong></span> <span class='ocrx_word' id='word_1_77' title='bbox 1399 1978 1751 2073; x_wconf 89' lang='lat' dir='ltr'><strong>munere</strong></span> <span class='ocrx_word' id='word_1_78' title='bbox 1817 1987 2363 2099; x_wconf 82' lang='lat' dir='ltr'><strong>diligentiam,</strong></span> <span class='ocrx_word' id='word_1_79' title='bbox 2426 1986 2710 2085; x_wconf 89' lang='lat' dir='ltr'><strong>fidem,</strong></span> <span class='ocrx_word' id='word_1_80' title='bbox 2779 2014 2876 2069; x_wconf 91' lang='lat' dir='ltr'><strong>ac</strong></span> <span class='ocrx_word' id='word_1_81' title='bbox 2930 1984 3317 2097; x_wconf 85' lang='lat' dir='ltr'><strong>peritiam</strong></span> 
     </span>
     <span class='ocr_line' id='line_1_11' title="bbox 539 2115 3315 2265; baseline -0.002 -62"><span class='ocrx_word' id='word_1_82' title='bbox 539 2116 861 2204; x_wconf 83' lang='lat' dir='ltr'><strong>elevare</strong></span> <span class='ocrx_word' id='word_1_83' title='bbox 923 2119 1188 2231; x_wconf 89' lang='lat' dir='ltr'><strong>magis</strong></span> <span class='ocrx_word' id='word_1_84' title='bbox 1253 2118 1613 2203; x_wconf 92' lang='lat' dir='ltr'><strong>dicendo</strong></span> <span class='ocrx_word' id='word_1_85' title='bbox 1668 2145 1924 2265; x_wconf 79' lang='lat' dir='ltr'><strong>quam</strong></span> <span class='ocrx_word' id='word_1_86' title='bbox 1981 2144 2390 2202; x_wconf 87' lang='lat' dir='ltr'><strong>exornare</strong></span> <span class='ocrx_word' id='word_1_87' title='bbox 2445 2115 2731 2199; x_wconf 88' lang='lat' dir='ltr'><strong>videar</strong></span> <span class='ocrx_word' id='word_1_88' title='bbox 2786 2115 3315 2199; x_wconf 72' lang='lat' dir='ltr'><strong>recensendo</strong></span> 
     </span>
     <span class='ocr_line' id='line_1_12' title="bbox 539 2246 3315 2359; baseline 0 -30"><span class='ocrx_word' id='word_1_89' title='bbox 539 2246 813 2332; x_wconf 87' lang='lat' dir='ltr'><strong>Taceo</strong></span> <span class='ocrx_word' id='word_1_90' title='bbox 869 2260 1022 2331; x_wconf 91' lang='lat' dir='ltr'><strong>tua</strong></span> <span class='ocrx_word' id='word_1_91' title='bbox 1077 2278 1235 2359; x_wconf 92' lang='lat' dir='ltr'><strong>ope</strong></span> <span class='ocrx_word' id='word_1_92' title='bbox 1289 2248 1484 2332; x_wconf 91' lang='lat' dir='ltr'><strong>lites</strong></span> <span class='ocrx_word' id='word_1_93' title='bbox 1539 2248 2057 2357; x_wconf 87' lang='lat' dir='ltr'><strong>gravissimas</strong></span> <span class='ocrx_word' id='word_1_94' title='bbox 2115 2249 2340 2331; x_wconf 88' lang='lat' dir='ltr'><strong>inter</strong></span> <span class='ocrx_word' id='word_1_95' title='bbox 2396 2248 2789 2331; x_wconf 90' lang='lat' dir='ltr'><strong>Mutinae</strong></span> <span class='ocrx_word' id='word_1_96' title='bbox 2846 2246 3173 2331; x_wconf 90' lang='lat' dir='ltr'><strong>Ducem</strong></span> <span class='ocrx_word' id='word_1_97' title='bbox 3226 2260 3315 2331; x_wconf 90' lang='lat' dir='ltr'><strong>et</strong></span> 
     </span>
     <span class='ocr_line' id='line_1_13' title="bbox 537 2356 3317 2523; baseline 0.001 -65"><span class='ocrx_word' id='word_1_98' title='bbox 537 2376 790 2461; x_wconf 90' lang='lat' dir='ltr'><strong>Pium</strong></span> <span class='ocrx_word' id='word_1_99' title='bbox 839 2378 915 2462; x_wconf 92' lang='lat' dir='ltr'><strong>S.</strong></span> <span class='ocrx_word' id='word_1_100' title='bbox 959 2377 1064 2461; x_wconf 89' lang='lat' dir='ltr'><strong>R.</strong></span> <span class='ocrx_word' id='word_1_101' title='bbox 1105 2376 1206 2461; x_wconf 92' lang='lat' dir='ltr'><strong>E.</strong></span> <span class='ocrx_word' id='word_1_102' title='bbox 1257 2373 1792 2462; x_wconf 84' lang='lat' dir='ltr'><strong>Cardinalem</strong></span> <span class='ocrx_word' id='word_1_103' title='bbox 1844 2378 2385 2491; x_wconf 88' lang='lat' dir='ltr'><strong>compositas.</strong></span> <span class='ocrx_word' id='word_1_104' title='bbox 2443 2374 2648 2460; x_wconf 90' lang='lat' dir='ltr'><strong>sileo</strong></span> <span class='ocrx_word' id='word_1_105' title='bbox 2699 2356 3041 2460; x_wconf 87' lang='lat' dir='ltr'><strong>dissidia</strong></span> <span class='ocrx_word' id='word_1_106' title='bbox 3090 2378 3317 2523; x_wconf 82' lang='lat' dir='ltr'><strong>inter</strong></span> 
     </span>
     <span class='ocr_line' id='line_1_14' title="bbox 531 2503 3317 2619; baseline 0.001 -32"><span class='ocrx_word' id='word_1_107' title='bbox 531 2504 1086 2606; x_wconf 82' lang='lat' dir='ltr'><strong>MutinenseS,</strong></span> <span class='ocrx_word' id='word_1_108' title='bbox 1126 2507 1663 2605; x_wconf 81' lang='lat' dir='ltr'><strong>Mantuanos,</strong></span> <span class='ocrx_word' id='word_1_109' title='bbox 1703 2517 1791 2589; x_wconf 92' lang='lat' dir='ltr'><strong>et</strong></span> <span class='ocrx_word' id='word_1_110' title='bbox 1829 2503 2476 2605; x_wconf 87' lang='lat' dir='ltr'><strong>Guastallenses,</strong></span> <span class='ocrx_word' id='word_1_111' title='bbox 2516 2504 2756 2618; x_wconf 78' lang='lat' dir='ltr'><strong>quasi</strong></span> <span class='ocrx_word' id='word_1_112' title='bbox 2785 2508 2965 2619; x_wconf 89' lang='lat' dir='ltr'><strong>jam</strong></span> <span class='ocrx_word' id='word_1_113' title='bbox 2994 2506 3317 2617; x_wconf 87' lang='lat' dir='ltr'><strong>spiran-</strong></span> 
     </span>
     <span class='ocr_line' id='line_1_15' title="bbox 535 2633 3313 2749; baseline 0 -32"><span class='ocrx_word' id='word_1_114' title='bbox 535 2635 674 2733; x_wconf 87' lang='lat' dir='ltr'><strong>tia,</strong></span> <span class='ocrx_word' id='word_1_115' title='bbox 713 2636 997 2719; x_wconf 87' lang='lat' dir='ltr'><strong>divina</strong></span> <span class='ocrx_word' id='word_1_116' title='bbox 1037 2637 1422 2749; x_wconf 89' lang='lat' dir='ltr'><strong>quadam,</strong></span> <span class='ocrx_word' id='word_1_117' title='bbox 1470 2633 1608 2719; x_wconf 86' lang='lat' dir='ltr'><strong>vel</strong></span> <span class='ocrx_word' id='word_1_118' title='bbox 1653 2647 1804 2719; x_wconf 87' lang='lat' dir='ltr'><strong>tua</strong></span> <span class='ocrx_word' id='word_1_119' title='bbox 1849 2635 2427 2718; x_wconf 88' lang='lat' dir='ltr'><strong>moderatione</strong></span> <span class='ocrx_word' id='word_1_120' title='bbox 2482 2646 2966 2746; x_wconf 87' lang='lat' dir='ltr'><strong>temperata.</strong></span> <span class='ocrx_word' id='word_1_121' title='bbox 3082 2636 3313 2727; x_wconf 87' lang='lat' dir='ltr'><strong>Quid</strong></span> 
     </span>
     <span class='ocr_line' id='line_1_16' title="bbox 533 2761 3313 2876; baseline 0 -29"><span class='ocrx_word' id='word_1_122' title='bbox 533 2764 806 2847; x_wconf 91' lang='lat' dir='ltr'><strong>dicam</strong></span> <span class='ocrx_word' id='word_1_123' title='bbox 835 2777 1190 2849; x_wconf 88' lang='lat' dir='ltr'><strong>armatas</strong></span> <span class='ocrx_word' id='word_1_124' title='bbox 1220 2765 1516 2876; x_wconf 76' lang='lat' dir='ltr'><strong>copiaS,</strong></span> <span class='ocrx_word' id='word_1_125' title='bbox 1554 2764 1646 2848; x_wconf 91' lang='lat' dir='ltr'><strong>in</strong></span> <span class='ocrx_word' id='word_1_126' title='bbox 1682 2761 1908 2848; x_wconf 90' lang='lat' dir='ltr'><strong>bello</strong></span> <span class='ocrx_word' id='word_1_127' title='bbox 1947 2776 2239 2849; x_wconf 89' lang='lat' dir='ltr'><strong>contra</strong></span> <span class='ocrx_word' id='word_1_128' title='bbox 2278 2761 2723 2862; x_wconf 81' lang='lat' dir='ltr'><strong>LucenseS,</strong></span> <span class='ocrx_word' id='word_1_129' title='bbox 2762 2764 3011 2847; x_wconf 89' lang='lat' dir='ltr'><strong>rebus</strong></span> <span class='ocrx_word' id='word_1_130' title='bbox 3040 2764 3313 2847; x_wconf 91' lang='lat' dir='ltr'><strong>omni-</strong></span> 
     </span>
     <span class='ocr_line' id='line_1_17' title="bbox 533 2892 3309 3007; baseline 0 -32"><span class='ocrx_word' id='word_1_131' title='bbox 533 2894 688 2977; x_wconf 91' lang='lat' dir='ltr'><strong>bus</strong></span> <span class='ocrx_word' id='word_1_132' title='bbox 725 2922 984 3007; x_wconf 91' lang='lat' dir='ltr'><strong>quam</strong></span> <span class='ocrx_word' id='word_1_133' title='bbox 1041 2892 1671 2977; x_wconf 87' lang='lat' dir='ltr'><strong>affluentissime</strong></span> <span class='ocrx_word' id='word_1_134' title='bbox 1727 2922 1776 2975; x_wconf 89' lang='lat' dir='ltr'><strong>a</strong></span> <span class='ocrx_word' id='word_1_135' title='bbox 1833 2904 1921 2975; x_wconf 89' lang='lat' dir='ltr'><strong>te</strong></span> <span class='ocrx_word' id='word_1_136' title='bbox 1978 2904 2487 2978; x_wconf 80' lang='lat' dir='ltr'><strong>sustentatas</strong></span> <span class='ocrx_word' id='word_1_137' title='bbox 2510 2896 2551 2976; x_wconf 74' lang='lat'><strong>⁸?</strong></span> <span class='ocrx_word' id='word_1_138' title='bbox 2665 2894 2895 2986; x_wconf 87' lang='lat' dir='ltr'><strong>Quid</strong></span> <span class='ocrx_word' id='word_1_139' title='bbox 2952 2892 3309 2977; x_wconf 83' lang='lat' dir='ltr'><strong>referam</strong></span> 
     </span>
     <span class='ocr_line' id='line_1_18' title="bbox 531 3020 3307 3135; baseline 0 -30"><span class='ocrx_word' id='word_1_140' title='bbox 531 3034 720 3107; x_wconf 84' lang='lat' dir='ltr'><strong>tuas</strong></span> <span class='ocrx_word' id='word_1_141' title='bbox 787 3024 1011 3107; x_wconf 90' lang='lat' dir='ltr'><strong>inter</strong></span> <span class='ocrx_word' id='word_1_142' title='bbox 1071 3024 1470 3135; x_wconf 89' lang='lat' dir='ltr'><strong>abruptos</strong></span> <span class='ocrx_word' id='word_1_143' title='bbox 1537 3020 1768 3106; x_wconf 86' lang='lat' dir='ltr'><strong>illius</strong></span> <span class='ocrx_word' id='word_1_144' title='bbox 1834 3022 2198 3133; x_wconf 87' lang='lat' dir='ltr'><strong>regionis</strong></span> <span class='ocrx_word' id='word_1_145' title='bbox 2266 3032 2353 3107; x_wconf 91' lang='lat' dir='ltr'><strong>et</strong></span> <span class='ocrx_word' id='word_1_146' title='bbox 2408 3022 2901 3135; x_wconf 87' lang='lat' dir='ltr'><strong>asperrimos</strong></span> <span class='ocrx_word' id='word_1_147' title='bbox 2955 3034 3307 3122; x_wconf 82' lang='lat' dir='ltr'><strong>monteS,</strong></span> 
     </span>
     <span class='ocr_line' id='line_1_19' title="bbox 530 3148 3305 3264; baseline 0 -30"><span class='ocrx_word' id='word_1_148' title='bbox 530 3180 703 3235; x_wconf 91' lang='lat' dir='ltr'><strong>non</strong></span> <span class='ocrx_word' id='word_1_149' title='bbox 757 3152 938 3236; x_wconf 90' lang='lat' dir='ltr'><strong>sine</strong></span> <span class='ocrx_word' id='word_1_150' title='bbox 1003 3152 1390 3235; x_wconf 87' lang='lat' dir='ltr'><strong>maximis</strong></span> <span class='ocrx_word' id='word_1_151' title='bbox 1443 3148 1890 3251; x_wconf 81' lang='lat' dir='ltr'><strong>laboribuS,</strong></span> <span class='ocrx_word' id='word_1_152' title='bbox 1945 3148 2292 3263; x_wconf 83' lang='lat' dir='ltr'><strong>vigilias,</strong></span> <span class='ocrx_word' id='word_1_153' title='bbox 2355 3150 2662 3264; x_wconf 89' lang='lat' dir='ltr'><strong>quibus</strong></span> <span class='ocrx_word' id='word_1_154' title='bbox 2727 3152 3305 3264; x_wconf 86' lang='lat' dir='ltr'><strong>prospiciebas,</strong></span> 
     </span>
     <span class='ocr_line' id='line_1_20' title="bbox 529 3278 3305 3391; baseline 0 -28"><span class='ocrx_word' id='word_1_155' title='bbox 529 3281 836 3391; x_wconf 89' lang='lat' dir='ltr'><strong>quibus</strong></span> <span class='ocrx_word' id='word_1_156' title='bbox 922 3281 1429 3379; x_wconf 51' lang='lat' dir='ltr'><strong>consulebas</strong></span> <span class='ocrx_word' id='word_1_157' title='bbox 1516 3309 1624 3364; x_wconf 90' lang='lat' dir='ltr'><strong>ne</strong></span> <span class='ocrx_word' id='word_1_158' title='bbox 1691 3280 1900 3391; x_wconf 90' lang='lat' dir='ltr'><strong>quid</strong></span> <span class='ocrx_word' id='word_1_159' title='bbox 1965 3278 2459 3364; x_wconf 88' lang='lat' dir='ltr'><strong>detrimenti</strong></span> <span class='ocrx_word' id='word_1_160' title='bbox 2530 3289 2729 3363; x_wconf 90' lang='lat' dir='ltr'><strong>tuae</strong></span> <span class='ocrx_word' id='word_1_161' title='bbox 2804 3280 3305 3390; x_wconf 89' lang='lat' dir='ltr'><strong>prudentiae</strong></span> 
     </span>
     <span class='ocr_line' id='line_1_21' title="bbox 529 3406 3306 3521; baseline -0.001 -27"><span class='ocrx_word' id='word_1_162' title='bbox 529 3408 942 3494; x_wconf 88' lang='lat' dir='ltr'><strong>commissi</strong></span> <span class='ocrx_word' id='word_1_163' title='bbox 1019 3421 1511 3521; x_wconf 89' lang='lat' dir='ltr'><strong>paterentur</strong></span> <span class='ocrx_word' id='word_1_164' title='bbox 1539 3413 1578 3494; x_wconf 82' lang='lat'><strong>?</strong></span> <span class='ocrx_word' id='word_1_165' title='bbox 1693 3409 1924 3501; x_wconf 83' lang='lat' dir='ltr'><strong>Quid</strong></span> <span class='ocrx_word' id='word_1_166' title='bbox 1991 3408 2358 3519; x_wconf 90' lang='lat' dir='ltr'><strong>denique</strong></span> <span class='ocrx_word' id='word_1_167' title='bbox 2415 3406 2523 3491; x_wconf 90' lang='lat' dir='ltr'><strong>de</strong></span> <span class='ocrx_word' id='word_1_168' title='bbox 2588 3436 2924 3491; x_wconf 87' lang='lat' dir='ltr'><strong>annona</strong></span> <span class='ocrx_word' id='word_1_169' title='bbox 2986 3407 3306 3520; x_wconf 89' lang='lat' dir='ltr'><strong>loquar,</strong></span> 
     </span>
     <span class='ocr_line' id='line_1_22' title="bbox 530 3533 3306 3650; baseline 0 -29"><span class='ocrx_word' id='word_1_170' title='bbox 530 3566 784 3650; x_wconf 87' lang='lat' dir='ltr'><strong>quam</strong></span> <span class='ocrx_word' id='word_1_171' title='bbox 821 3550 1061 3622; x_wconf 89' lang='lat' dir='ltr'><strong>tanta</strong></span> <span class='ocrx_word' id='word_1_172' title='bbox 1098 3535 1525 3623; x_wconf 90' lang='lat' dir='ltr'><strong>celeritate</strong></span> <span class='ocrx_word' id='word_1_173' title='bbox 1563 3546 1971 3649; x_wconf 88' lang='lat' dir='ltr'><strong>tantaque</strong></span> <span class='ocrx_word' id='word_1_174' title='bbox 2009 3538 2266 3649; x_wconf 88' lang='lat' dir='ltr'><strong>copia,</strong></span> <span class='ocrx_word' id='word_1_175' title='bbox 2304 3533 2641 3648; x_wconf 90' lang='lat' dir='ltr'><strong>publico</strong></span> <span class='ocrx_word' id='word_1_176' title='bbox 2680 3534 3306 3621; x_wconf 89' lang='lat' dir='ltr'><strong>Mutinensium</strong></span> 
     </span>
     <span class='ocr_line' id='line_1_23' title="bbox 530 3665 3303 3775; baseline -0 -23"><span class='ocrx_word' id='word_1_177' title='bbox 530 3680 618 3752; x_wconf 91' lang='lat' dir='ltr'><strong>et</strong></span> <span class='ocrx_word' id='word_1_178' title='bbox 653 3668 1068 3752; x_wconf 86' lang='lat' dir='ltr'><strong>sociorum</strong></span> <span class='ocrx_word' id='word_1_179' title='bbox 1101 3665 1532 3766; x_wconf 80' lang='lat' dir='ltr'><strong>beneficiO,</strong></span> <span class='ocrx_word' id='word_1_180' title='bbox 1570 3666 1662 3750; x_wconf 95' lang='lat' dir='ltr'><strong>in</strong></span> <span class='ocrx_word' id='word_1_181' title='bbox 1711 3666 2226 3751; x_wconf 86' lang='lat' dir='ltr'><strong>difficillimis</strong></span> <span class='ocrx_word' id='word_1_182' title='bbox 2277 3678 2367 3750; x_wconf 89' lang='lat' dir='ltr'><strong>et</strong></span> <span class='ocrx_word' id='word_1_183' title='bbox 2424 3666 3033 3775; x_wconf 86' lang='lat' dir='ltr'><strong>angustissimis</strong></span> <span class='ocrx_word' id='word_1_184' title='bbox 3091 3678 3303 3752; x_wconf 85' lang='lat' dir='ltr'><strong>tem-</strong></span> 
     </span>
     <span class='ocr_line' id='line_1_24' title="bbox 525 3793 3297 3909; baseline 0 -30"><span class='ocrx_word' id='word_1_185' title='bbox 525 3798 866 3909; x_wconf 87' lang='lat' dir='ltr'><strong>poribus</strong></span> <span class='ocrx_word' id='word_1_186' title='bbox 903 3796 1389 3909; x_wconf 84' lang='lat' dir='ltr'><strong>procurasti,</strong></span> <span class='ocrx_word' id='word_1_187' title='bbox 1439 3805 1542 3879; x_wconf 91' lang='lat' dir='ltr'><strong>ut</strong></span> <span class='ocrx_word' id='word_1_188' title='bbox 1579 3796 1968 3879; x_wconf 89' lang='lat' dir='ltr'><strong>omnibus</strong></span> <span class='ocrx_word' id='word_1_189' title='bbox 2005 3795 2296 3877; x_wconf 89' lang='lat' dir='ltr'><strong>statim</strong></span> <span class='ocrx_word' id='word_1_190' title='bbox 2346 3794 2583 3904; x_wconf 89' lang='lat' dir='ltr'><strong>quasi</strong></span> <span class='ocrx_word' id='word_1_191' title='bbox 2642 3795 2750 3877; x_wconf 87' lang='lat' dir='ltr'><strong>ad</strong></span> <span class='ocrx_word' id='word_1_192' title='bbox 2797 3793 3297 3880; x_wconf 89' lang='lat' dir='ltr'><strong>miraculum</strong></span> 
     </span>
     <span class='ocr_line' id='line_1_25' title="bbox 523 3922 3300 4040; baseline 0.001 -32"><span class='ocrx_word' id='word_1_193' title='bbox 523 3924 768 4010; x_wconf 89' lang='lat' dir='ltr'><strong>fieret</strong></span> <span class='ocrx_word' id='word_1_194' title='bbox 805 3925 1024 4009; x_wconf 76' lang='lat' dir='ltr'><strong>satis,</strong></span> <span class='ocrx_word' id='word_1_195' title='bbox 1140 3924 1376 4008; x_wconf 88' lang='lat' dir='ltr'><strong>Haec</strong></span> <span class='ocrx_word' id='word_1_196' title='bbox 1431 3935 1634 4007; x_wconf 88' lang='lat' dir='ltr'><strong>sunt</strong></span> <span class='ocrx_word' id='word_1_197' title='bbox 1690 3922 1972 4036; x_wconf 88' lang='lat' dir='ltr'><strong>aliqua</strong></span> <span class='ocrx_word' id='word_1_198' title='bbox 2027 3951 2133 4007; x_wconf 86' lang='lat' dir='ltr'><strong>ex</strong></span> <span class='ocrx_word' id='word_1_199' title='bbox 2190 3923 2653 4007; x_wconf 89' lang='lat' dir='ltr'><strong>innumeris</strong></span> <span class='ocrx_word' id='word_1_200' title='bbox 2710 3952 2929 4037; x_wconf 89' lang='lat' dir='ltr'><strong>quae</strong></span> <span class='ocrx_word' id='word_1_201' title='bbox 2985 3924 3300 4040; x_wconf 84' lang='lat' dir='ltr'><strong>Demp-</strong></span> 
     </span>
     <span class='ocr_line' id='line_1_26' title="bbox 522 4052 3315 4176; baseline 0.001 -39"><span class='ocrx_word' id='word_1_202' title='bbox 522 4065 841 4137; x_wconf 85' lang='lat' dir='ltr'><strong>sterum</strong></span> <span class='ocrx_word' id='word_1_203' title='bbox 887 4082 1063 4137; x_wconf 92' lang='lat' dir='ltr'><strong>non</strong></span> <span class='ocrx_word' id='word_1_204' title='bbox 1111 4052 1363 4137; x_wconf 91' lang='lat' dir='ltr'><strong>modo</strong></span> <span class='ocrx_word' id='word_1_205' title='bbox 1411 4052 1890 4138; x_wconf 86' lang='lat' dir='ltr'><strong>excitarunt</strong></span> <span class='ocrx_word' id='word_1_206' title='bbox 1935 4063 2038 4136; x_wconf 93' lang='lat' dir='ltr'><strong>ut</strong></span> <span class='ocrx_word' id='word_1_207' title='bbox 2085 4064 2172 4136; x_wconf 89' lang='lat' dir='ltr'><strong>te</strong></span> <span class='ocrx_word' id='word_1_208' title='bbox 2220 4053 2328 4135; x_wconf 87' lang='lat' dir='ltr'><strong>ad</strong></span> <span class='ocrx_word' id='word_1_209' title='bbox 2372 4054 2735 4137; x_wconf 90' lang='lat' dir='ltr'><strong>Scotiam</strong></span> <span class='ocrx_word' id='word_1_210' title='bbox 2788 4053 3010 4137; x_wconf 92' lang='lat' dir='ltr'><strong>hanc</strong></span> <span class='ocrx_word' id='word_1_211' title='bbox 3064 4052 3315 4176; x_wconf 60' lang='lat' dir='ltr'><strong>illus-r</strong></span> 
     </span>
     <span class='ocr_line' id='line_1_27' title="bbox 527 4180 3297 4294; baseline 0 -27"><span class='ocrx_word' id='word_1_212' title='bbox 527 4184 914 4268; x_wconf 86' lang='lat' dir='ltr'><strong>trandam</strong></span> <span class='ocrx_word' id='word_1_213' title='bbox 951 4192 1426 4281; x_wconf 87' lang='lat' dir='ltr'><strong>accerseret,</strong></span> <span class='ocrx_word' id='word_1_214' title='bbox 1465 4182 1612 4265; x_wconf 90' lang='lat' dir='ltr'><strong>sed</strong></span> <span class='ocrx_word' id='word_1_215' title='bbox 1652 4180 1908 4265; x_wconf 89' lang='lat' dir='ltr'><strong>etiam</strong></span> <span class='ocrx_word' id='word_1_216' title='bbox 1945 4180 2390 4292; x_wconf 87' lang='lat' dir='ltr'><strong>Magnates</strong></span> <span class='ocrx_word' id='word_1_217' title='bbox 2427 4194 2516 4265; x_wconf 91' lang='lat' dir='ltr'><strong>et</strong></span> <span class='ocrx_word' id='word_1_218' title='bbox 2552 4182 2983 4294; x_wconf 89' lang='lat' dir='ltr'><strong>Principes</strong></span> <span class='ocrx_word' id='word_1_219' title='bbox 3029 4182 3297 4285; x_wconf 88' lang='lat' dir='ltr'><strong>Viros,</strong></span> 
     </span>
     <span class='ocr_line' id='line_1_28' title="bbox 525 4308 3297 4424; baseline 0.001 -29"><span class='ocrx_word' id='word_1_220' title='bbox 525 4310 675 4422; x_wconf 92' lang='lat' dir='ltr'><strong>qui</strong></span> <span class='ocrx_word' id='word_1_221' title='bbox 705 4323 942 4396; x_wconf 89' lang='lat' dir='ltr'><strong>tuam</strong></span> <span class='ocrx_word' id='word_1_222' title='bbox 967 4310 1534 4424; x_wconf 88' lang='lat' dir='ltr'><strong>prudentiam,</strong></span> <span class='ocrx_word' id='word_1_223' title='bbox 1563 4310 1842 4409; x_wconf 87' lang='lat' dir='ltr'><strong>fidem,</strong></span> <span class='ocrx_word' id='word_1_224' title='bbox 1871 4308 2421 4422; x_wconf 89' lang='lat' dir='ltr'><strong>diligentiam,</strong></span> <span class='ocrx_word' id='word_1_225' title='bbox 2461 4322 2549 4394; x_wconf 89' lang='lat' dir='ltr'><strong>et</strong></span> <span class='ocrx_word' id='word_1_226' title='bbox 2587 4310 2846 4395; x_wconf 90' lang='lat' dir='ltr'><strong>animi</strong></span> <span class='ocrx_word' id='word_1_227' title='bbox 2873 4312 3297 4424; x_wconf 87' lang='lat' dir='ltr'><strong>magnitu-</strong></span> 
     </span>
     <span class='ocr_line' id='line_1_29' title="bbox 523 4439 3293 4553; baseline 0 -28"><span class='ocrx_word' id='word_1_228' title='bbox 523 4440 811 4525; x_wconf 89' lang='lat' dir='ltr'><strong>dinem</strong></span> <span class='ocrx_word' id='word_1_229' title='bbox 865 4440 1408 4524; x_wconf 85' lang='lat' dir='ltr'><strong>vehementer</strong></span> <span class='ocrx_word' id='word_1_230' title='bbox 1455 4439 1874 4539; x_wconf 85' lang='lat' dir='ltr'><strong>demirati,</strong></span> <span class='ocrx_word' id='word_1_231' title='bbox 1933 4467 2187 4551; x_wconf 89' lang='lat' dir='ltr'><strong>opera</strong></span> <span class='ocrx_word' id='word_1_232' title='bbox 2242 4451 2394 4523; x_wconf 92' lang='lat' dir='ltr'><strong>tua</strong></span> <span class='ocrx_word' id='word_1_233' title='bbox 2445 4440 2578 4523; x_wconf 91' lang='lat' dir='ltr'><strong>uti</strong></span> <span class='ocrx_word' id='word_1_234' title='bbox 2634 4452 3068 4553; x_wconf 84' lang='lat' dir='ltr'><strong>expetunt,</strong></span> <span class='ocrx_word' id='word_1_235' title='bbox 3124 4442 3293 4527; x_wconf 89' lang='lat' dir='ltr'><strong>frui</strong></span> 
     </span>
     <span class='ocr_line' id='line_1_30' title="bbox 525 4566 3298 4681; baseline 0.001 -28"><span class='ocrx_word' id='word_1_236' title='bbox 525 4568 771 4653; x_wconf 86' lang='lat' dir='ltr'><strong>enixe</strong></span> <span class='ocrx_word' id='word_1_237' title='bbox 831 4568 1210 4680; x_wconf 85' lang='lat' dir='ltr'><strong>cupiunt.</strong></span> <span class='ocrx_word' id='word_1_238' title='bbox 1349 4569 1630 4660; x_wconf 85' lang='lat' dir='ltr'><strong>Quare</strong></span> <span class='ocrx_word' id='word_1_239' title='bbox 1694 4579 1784 4652; x_wconf 87' lang='lat' dir='ltr'><strong>et</strong></span> <span class='ocrx_word' id='word_1_240' title='bbox 1844 4566 2051 4652; x_wconf 89' lang='lat' dir='ltr'><strong>haec</strong></span> <span class='ocrx_word' id='word_1_241' title='bbox 2117 4580 2205 4652; x_wconf 93' lang='lat' dir='ltr'><strong>et</strong></span> <span class='ocrx_word' id='word_1_242' title='bbox 2261 4566 2472 4652; x_wconf 87' lang='lat' dir='ltr'><strong>aliae</strong></span> <span class='ocrx_word' id='word_1_243' title='bbox 2528 4568 2635 4653; x_wconf 90' lang='lat' dir='ltr'><strong>de</strong></span> <span class='ocrx_word' id='word_1_244' title='bbox 2690 4580 2780 4652; x_wconf 90' lang='lat' dir='ltr'><strong>te</strong></span> <span class='ocrx_word' id='word_1_245' title='bbox 2834 4567 3298 4681; x_wconf 89' lang='lat' dir='ltr'><strong>loquentur</strong></span> 
     </span>
     <span class='ocr_line' id='line_1_31' title="bbox 526 4693 3291 4810; baseline 0.001 -29"><span class='ocrx_word' id='word_1_246' title='bbox 526 4696 977 4797; x_wconf 84' lang='lat' dir='ltr'><strong>Historiae,</strong></span> <span class='ocrx_word' id='word_1_247' title='bbox 1035 4694 1198 4781; x_wconf 87' lang='lat' dir='ltr'><strong>alia</strong></span> <span class='ocrx_word' id='word_1_248' title='bbox 1235 4696 1594 4808; x_wconf 84' lang='lat' dir='ltr'><strong>ingenia,</strong></span> <span class='ocrx_word' id='word_1_249' title='bbox 1632 4693 1843 4780; x_wconf 87' lang='lat' dir='ltr'><strong>aliae</strong></span> <span class='ocrx_word' id='word_1_250' title='bbox 1882 4697 2265 4808; x_wconf 83' lang='lat' dir='ltr'><strong>ingentes</strong></span> <span class='ocrx_word' id='word_1_251' title='bbox 2304 4710 2393 4782; x_wconf 89' lang='lat' dir='ltr'><strong>et</strong></span> <span class='ocrx_word' id='word_1_252' title='bbox 2427 4695 2897 4810; x_wconf 87' lang='lat' dir='ltr'><strong>praeclarae</strong></span> <span class='ocrx_word' id='word_1_253' title='bbox 2942 4700 3291 4801; x_wconf 87' lang='lat' dir='ltr'><strong>animae,</strong></span> 
     </span>
    </p>
   </div>
   <div class='ocr_carea' id='block_1_2' title="bbox 523 4823 3291 5028">
    <p class='ocr_par' dir='ltr' id='par_1_2' title="bbox 523 4823 3291 5028">
     <span class='ocr_line' id='line_1_32' title="bbox 523 4823 3291 4940; baseline 0.001 -29"><span class='ocrx_word' id='word_1_254' title='bbox 523 4853 732 4939; x_wconf 86' lang='lat' dir='ltr'><strong>quas</strong></span> <span class='ocrx_word' id='word_1_255' title='bbox 795 4838 1080 4910; x_wconf 89' lang='lat' dir='ltr'><strong>tamen</strong></span> <span class='ocrx_word' id='word_1_256' title='bbox 1113 4823 1378 4911; x_wconf 76' lang='lat' dir='ltr'><strong>&#39;haud</strong></span> <span class='ocrx_word' id='word_1_257' title='bbox 1441 4824 1696 4911; x_wconf 88' lang='lat' dir='ltr'><strong>dubie</strong></span> <span class='ocrx_word' id='word_1_258' title='bbox 1759 4826 2240 4911; x_wconf 84' lang='lat' dir='ltr'><strong>aeternitati</strong></span> <span class='ocrx_word' id='word_1_259' title='bbox 2307 4842 2505 4913; x_wconf 87' lang='lat' dir='ltr'><strong>tuae</strong></span> <span class='ocrx_word' id='word_1_260' title='bbox 2570 4856 2895 4940; x_wconf 90' lang='lat' dir='ltr'><strong>semper</strong></span> <span class='ocrx_word' id='word_1_261' title='bbox 2950 4828 3291 4914; x_wconf 88' lang='lat' dir='ltr'><strong>habebis</strong></span> 
     </span>
     <span class='ocr_line' id='line_1_33' title="bbox 1873 4976 1918 5028; baseline 0 0"><span class='ocrx_word' id='word_1_262' title='bbox 1873 4976 1918 5028; x_wconf 82' lang='lat' dir='ltr'><strong>e</strong></span> 
     </span>
    </p>
   </div>
  </div>
 </body>
</html>
