4384 5817
1292 532 1649 606 GENTIS
1696 528 2256 613 sco'rolwm
2305 530 2486 605 Lm.
2531 532 2616 600 1:
3251 536 3364 603 1⁵.

545 746 793 803 xxm.
826 746 995 801 eum
1028 734 1241 799 vocat
1272 734 1319 783 ‘⁹
1344 725 1868 799 nobilissimum
1892 726 2009 798 sui
2034 724 2386 821 temporis.
2401 725 2856 821 magistrum,
2881 744 3032 795 non
3053 724 3329 806 snum?

540 849 731 919 claro
774 849 1205 939 argumento
1252 840 1329 912 id
1372 856 1533 912 esse
1583 840 1875 924 fedatum²
1920 842 2238 934 adeoque
2293 842 2452 933 ipse
2503 840 2710 913 Beda
2756 839 2838 911 in
2891 836 3334 932 praefatione

540 959 895 1055 Anglicae
929 954 1327 1039 Historiae,
1360 954 1569 1026 illum
1601 978 1747 1027 non
1778 957 2235 1049 discipulum,
2283 958 2410 1028 sed
2458 959 2800 1052 collegam
2853 955 3142 1029 videtur
3171 976 3335 1050 cog-

550 1096 861 1157 noscere,
892 1070 1289 1144 honorifico
1308 1071 1499 1142 sane
1546 1071 1823 1165 elogi03
1876 1072 1981 1143 ita
2012 1072 2206 1143 enim
2249 1073 2416 1143 ille:
2469 1079 2516 1115 ‘⁶
2547 1070 2829 1143 Auctor
2871 1079 3039 1143 ante
3087 1090 3332 1142 omnes

539 1199 755 1285 atque
802 1189 1099 1286 adjutor
1134 1186 1377 1284 hujus.
1392 1187 1627 1277 operis
1668 1185 2035 1258 Albuinus
2074 1187 2296 1259 abbas
2335 1187 2996 1279 reverendissimae,
3043 1187 3160 1259 vir
3201 1208 3330 1278 per

539 1308 787 1379 omnia
816 1303 1295 1389 doctissimus,
1332 1300 1647 1375 extitit?
1742 1302 2073 1375 Certiora
2103 1326 2278 1398 ergo
2311 1308 2487 1376 sunt
2517 1302 2962 1396 inquirenda.
3053 1310 3066 1319 “

634 1420 1087 1505 Quibusdam
1120 1420 1345 1491 levita
1362 1419 1603 1503 audit,
1640 1418 1801 1490 aliis
1832 1417 2051 1489 abbas
2082 1419 2504 1491 monasterii
2527 1416 2602 1489 S.
2632 1416 2938 1490 Martini
2963 1417 3336 1493 Turonen-

538 1538 661 1623 sis,
712 1538 843 1609 sed
890 1536 1323 1630 praecipuus
1370 1534 1441 1605 ei
1489 1533 1745 1617 honor,
1794 1532 2051 1605 Camli·
2084 1532 2344 1627 Mag-ni
2395 1534 2718 1605 animum
2763 1534 3080 1607 scientiis
3136 1554 3337 1606 exco-

542 1654 780 1726 luisse.
907 1650 1151 1734 Quare
1206 1648 1600 1723 monachus
1666 1648 2149 1744 Sangallensis
2215 1671 2642 1743 anonymus,
2709 1648 2806 1721 in.
2853 1646 3032 1721 Vita
3095 1650 3336 1723 Caroli

544 1767 821 1863 Magni,
874 1766 1167 1838 honoris
1199 1763 1419 1837 causa
1446 1774 1975 1858 praeceptorem
2008 1774 2238 1836 vocat.
2341 1762 2758 1859 sigebertus
2807 1764 3336 1838 Gemblacensis

542 1882 875 1955 Chronic.
910 1882 1005 1954 ad
1036 1902 1323 1953 annum
1343 1896 1675 1953 mcxcx.
1754 1888 1801 1922 “
1831 1877 2194 1952 Alcuinua
2207 1880 2313 1953 »d'e
2346 1878 2752 1967 Britannia,
2789 1882 3136 1977 magister
3167 1881 3338 1953 deli-

542 1998 770 2070 tiosus
818 1998 1015 2093 regis
1062 1996 1313 2069 Caroli
1358 1993 1641 2091 Magni,
1694 1995 1993 2067 scientia
2038 1994 2415 2087 literarum
2475 2000 2869 2090 praepollet
2915 1998 2997 2071 in
3045 1995 3328 2081 Gallia3

540 2113 749 2209 cujus
804 2114 1189 2206 praecipue
1246 2111 1667 2207 magisterio
1724 2110 1881 2203 ipse
1936 2132 2067 2183 rex
2124 2132 2370 2183 omnes
2429 2122 2621 2185 artes
2675 2112 3004 2185 liberales
3061 2112 3334 2185 didicit.
3391 2190 3406 2201 ‚

542 2228 739 2301 Hinc
768 2229 1001 2301 muita
1030 2224 1387 2319 scripsit?
1416 2222 1553 2298 διο.
1598 2258 1626 2281 -·
1650 2225 2200 2319 Siciimportuni
2229 2226 2580 2312 homines,
2617 2229 2794 2301 dum
2825 2250 3000 2301 suae
3031 2230 3338 2301 nimium

542 2344 867 2437 opinioni
896 2351 1277 2426 astruunt,
1290 2343 1585 2436 penitus
1620 2350 2001 2421 evertant.-
2026 2377 2055 2393 ·-
2104 2380 2111 2387 ·

638 2458 927 2531 Laudat
960 2456 1533 2530 Kinehardnsin
1564 2457 1747 2530 ¹Vita·
1760 2457 2021 2528 Caroli
2054 2458 2312 2553 Magni
2339 2478 2364 2529 ε
2413 2468 2460 2503 “
2493 2457 2585 2531 Ῑιι
2615 2458 2956 2531 discenda
2981 2483 3338 2555 gramma-

542 2575 685 2647 tica
714 2572 1017 2646 Petrum
1050 2572 1583 2667 Pisanumij'am
1616 2594 1859 2645 senem
1892 2573 2221 2656 audivit,
2197 2592 2222 2613 ·
2265 2574 2344 2644 in
2375 2573 2678 2647 caeteris
2707 2574 3106 2668 disciplinis
3136 2576 3344 2649 Albi·-

538 2710 741 2774 num,
775 2697 1250 2785 cognomento
1275 2686 1699 2771 Alcninum,
1732 2690 2113 2760 diaconum
2144 2688 2234 2758 de
2271 2688 2673 2772 Britannia,
2707 2691 2948 2763 virum
2980 2692 3344 2763 undecun-

540 2824 683 2899 que
728 2805 1251 2886 doctissimum,-
1285 2814 1819 2897 praeceptorem
1863 2803 2165 2886 habuit3
2219 2804 2426 2895 apud
2459 2808 2676 2896 quem
2719 2814 2796 2876 et
2835 2805 3238 2879 rhetoricae
3267 2817 3340 2880 et

540 2920 974 3002 dialecticae,
1006 2917 1401 3013 praecipue
1420 2926 1661 2991 tamen
1692 2919 2230 2991 neronomicae.
2241 2919 2678 3011 ediscendae,
2725 2918 3119 3013 plurimum
3163 2931 3344 2995 tem-

538 3036 739 3129 poris
768 3044 847 3108 et
876 3034 1143 3107 laboris
1174 3034 1627 3126 impertivit.
1676 3034 1991 3107 discebat
2024 3042 2099 3107 et
2130 3042 2362 3107 artem
2405 3036 2893 3127 computandi,
2937 3045 3014 3110 et
3053 3038 3343 3111 intenti-

546 3172 685 3225 one
708 3150 955 3245 sagaci
984 3149 1309 3221 siderum
1338 3156 1631 3220 mnsam
1664 3150 2145 3221 curiosissime
2177 3150 2642 3223 rimabatur.”
2737 3148 3140 3224 Germanus
3185 3158 3345 3248 qui-

542 3268 740 3349 dun,
750 3266 890 3357 qui
903 3270 1195 3357 patrum
1216 3264 1561 3336 memoria
1569 3264 1931 3357 quaedam
1946 3265 2107 3360 eJus
2120 3254 2530 3358 publicavit
2551 3286 2572 3337 ε
2616 3276 2663 3310 “
2687 3267 3070 3353 -Αἱοιιίιιιιε,
3095 3281 3347 3343 auctor

544 3382 817 3475 abique
846 3382 1057 3473 ‘pium
1100 3380 1378 3473 ubique
1402 3381 1677 3464 doctus,
1708 3380 2139 3465 succinctus,
2174 3388 2527 3465 maturus,
2566 3384 2836 3478 gravis,
2871 3386 3169 3457 seientia
3201 3390 3346 3478 ple-

544 3518 707 3582 ms,
738 3505 829 3571 et·
848 3502 1305 3573 mammaea
1350 3498 1527 3569 alios
1571 3520 1659 3583 ea
1696 3505 1933 3569 aetate
1976 3498 2240 3593 dignus
2284 3497 2413 3590 qui
2457 3499 2790 3571 manibus
2834 3509 3134 3584 teratur,
3177 3524 3346 3597 gen-

546 3610 933 3695 testatus,
974 3614 1517 3685 denvefiatione
1560 3611 1879 3703 Gallus-’³
1930 3617 1939 3625 '
1978 3611 2306 3685 Incertus
2337 3623 2592 3685 auctor
2621 3611 3020 3687 Annalium
3055 3616 3350 3689 Franci-

546 3727 821 3813 eoenr‘n,
850 3750 901 3799 a
922 3726 1152 3799 'Petro
1185 3726 1491 3800 Pithoeo
1524 3730 1783 3814 editus,
1808 3728 1903 3801 ad
1934 3750 2210 3800 annum
2243 3746 2631 3817 nccxc1v.
2665 3740 2712 3773 ⁸⁶
2739 3730 2878 3802 His
2903 3734 3351 3827 temporibus

549 3844 929 3928 Aicninus,
962 3844 1439 3939 cognomento
1468 3842 1812 3929 Albinus,
1840 3846 2222 3917 sanctitate
2255 3853 2328 3917 et
2353 3844 2678 3918 doctrina
2703 3847 2936 3919 clarus
2959 3847 3270 3923 habetur
3289 3856 3352 3922 :”·

548 3960 677 4052 qni
710 3960 909 4033 loeus
954 3982 1091 4031 nos
1131 3960 1338 4085 docet
1382 3960 1687 4033 eundem
1728 3982 1883 4032 esse
1910 3959 2324 4033 -Alcuinum
2371 3970 2444 4033 et
2487 3960 2915 4048 Albuinum,
2963 3966 3158 4056 quod
3203 3989 3348 4037 non

550 4076 937 4149 neminem.-
954 4074 1193 4147 torsit.
1242 4074 1545 4168 Ipsina
1586 4074 1849 4147 Caroli
1880 4074 2135 4171 Magni
2184 4078 2489 4169 epistola
2533 4088 2732 4149 extat
2779 4080 2856 4149 in
2903 4078 3352 4154 Bibliotheca

551 4189 678 4263 SS.
730 4190 1061 4274 Patrnm,
1110 4212 1279 4262 eum
1328 4212 1473 4263 non
1524 4192 1977 4263 mediocriter
2024 4192 2408 4265 laudantis.
2511 4192 2799 4287 Scripta
2845 4196 3004 4289 ejus
3038 4199 3353 4271 eminen-

557 4308 743 4379 tiora
774 4305 953 4379 haee
978 4316 1223 4379 sant·
1312 4308 1381 4335 ·''
2137 4350 2146 4363 ι

726 4486 747 4515 .·
846 4420 1159 4494 Divinae
1194 4422 1559 4493 Historiae
1588 4354 1963 4496 Cot-rectio
2152 4422 2388 4497 lib.
2391 4440 2450 4495 3.
2495 4360 2844 4521 Sigehert.
2867 4428 3021 4517 loco
3037 4354 3348 4502 laudato.

848 4536 962 4609 De
994 4537 1069 4609 S.
1105 4536 1469 4609 Trinitate
2237 4541 2362 4613 lib.
2385 4558 2470 4611 n.
2499 4542 2833 4614 hortante
2859 4541 3116 4617 Car‘olo
3151 4546 3350 4643 Mag.

847 4652 959 4725 De
990 4636 1582 4727 Divinis-Officiis
2234 4657 2358 4728 lib.
2397 4674 2450 4729 1.

842 4768 1147 4842 Ordinis
1181 4768 1491 4843 Rdma‘ui
1522 4768 1989 4863 Expende..-
2114 4768 2121 4777 ’
2236 4782 2412 4847 tom.
2438 4784 2504 4847 1.
2555 4773 2898 4851 Biblioth.
2935 4776 3062 4851 SS.
3099 4778 3296 4849 Patr.
