4384 5817
1106 567 1239 632 314
1878 567 2346 642 HISTORIA
2391 573 3154 648 ECCLESIASTICA

1109 758 1387 852 ctisque
1446 759 1520 832 in
1570 781 1795 856 regno
1844 783 1978 834 suo
2024 761 2256 848 fusus,
2315 787 2582 851 caesus,
2635 783 2716 838 ac
2765 767 2846 838 in
2893 765 3368 861 profluentem
3413 769 3756 866 abjectus,
3811 795 3902 846 ne

1102 873 1603 967 cenotaphium
1664 877 1955 968 quidem
2014 878 2208 970 apud
2264 901 2432 952 suos
2489 881 2708 954 habet
2731 882 2768 952 Ρ
2827 883 2990 956 Scio
3047 883 3427 958 confictum
3485 886 3712 960 fuisse
3765 891 3902 962 sub

1104 985 1421 1062 Henrico
1472 988 1571 1062 11.
1632 992 2046 1065 ruderatum
2104 995 2199 1067 ad
2257 994 2704 1070 Glastoniam
2756 1009 3070 1084 erutum,
3121 999 3344 1096 hujus
3395 1004 3588 1100 regis
3639 1027 3900 1076 nomen

1099 1105 1530 1196 praeferens,
1561 1115 1648 1179 ut
1684 1107 1762 1178 in
1794 1107 2043 1203 Belgis
2076 1111 2424 1182 sectarius
2459 1113 2795 1187 observat
2817 1135 2842 1186 t

2145 1223 2310 1296 H1c
2359 1243 2626 1300 JACET
2679 1249 2852 1301 aar·

2136 1357 2406 1413 mxrus
2430 1359 2856 1419 mcLY'rUs

2130 1475 2309 1529 REX
2417 1457 2852 1534 Amemus

2138 1589 2234 1644 m
2278 1573 2598 1648 INsuLA
2630 1578 2851 1649 Ava-

2337 1707 2630 1764 LONIA.

1092 1807 1230 1882 Cui
1279 1809 1417 1881 hoc
1463 1831 1768 1905 oppono,
1821 1817 1909 1882 ut
1957 1809 2098 1880 alia
2148 1807 2502 1892 omittam,
2553 1831 2926 1903 nunquam
2973 1809 3117 1885 fuit
3167 1814 3388 1886 moris
3437 1815 3634 1909 apud
3667 1815 3890 1890 Grae-

1088 1947 1208 1999 cos
1256 1922 1699 2020 Latinosque
1746 1947 2009 1998 nomen
2058 1927 2196 1998 loci
2241 1923 2666 2018 sepulchrali
2714 1927 2924 2018 cippo
2969 1927 3300 2012 incidere,
3353 1931 3559 2024 quasi
3609 1931 3686 2004 id
3735 1933 3889 2026 ipse

1088 2039 1273 2134 lapis
1306 2061 1453 2113 non
1494 2043 1889 2128 indicaret3
1942 2041 2021 2112 in
2066 2041 2204 2113 hoc
2247 2041 2442 2112 enim
2491 2039 2684 2112 vitae
2735 2043 3082 2127 ordinem,
3131 2065 3416 2131 nomen,
3467 2067 3883 2144 cognomen,

1082 2156 1455 2242 familiam,
1512 2157 1847 2252 patriam,
1908 2159 2412 2241 conditionem,
2462 2164 2792 2242 aetatem,
2849 2159 3104 2230 mortis
3153 2183 3466 2246 causam,
3515 2162 3880 2236 interdum

1080 2273 1471 2347 haeredum
1518 2274 2129 2358 substitutionem,
2180 2295 2344 2344 cum
2395 2271 2556 2344 aliis
2605 2271 2937 2346 formulis
2987 2277 3464 2369 comperimus
3525 2301 3880 2372 expressa,

1080 2411 1341 2462 nomen
1371 2390 1509 2463 loci
1541 2412 1937 2483 nunquam.
2040 2389 2264 2462 Recte
2298 2386 2595 2460 Iscanus
2627 2399 2884 2482 poeta:

1684 2521 1782 2581 Sic
1808 2520 2117 2582 Britonum
2143 2519 2392 2580 ridenda
2417 2517 2562 2580 fides
2587 2537 2692 2600 per
2715 2517 2914 2580 secula
2935 2518 3128 2582 multa

1686 2616 2015 2678 Arthurum
2042 2626 2334 2697 expectat.

1178 2747 1535 2846 Migravit
1566 2771 1657 2822 ex
1687 2748 1825 2821 hac
1856 2749 2011 2820 vita
2044 2747 2336 2820 Gonora
2365 2747 2446 2819 in
2478 2745 2898 2840 captivitate
2920 2740 3122 2820 'anno
3150 2761 3352 2819 DxL.
3424 2745 3596 2823 Non
3625 2759 3740 2823 est
3769 2775 3879 2824 re-

1080 2869 1228 2938 lata
1260 2868 1339 2937 in
1373 2872 1680 2950 sanctoS,
1716 2867 1841 2936 sed
1874 2865 1993 2957 pie
2026 2867 2306 2936 colitur.
2392 2863 2677 2935 Nomen
2713 2880 2922 2937 sonat
2953 2863 3327 2959 quippiam
3359 2862 3438 2934 N
3435 2867 3880 2940 orthmanni·

1080 3004 1283 3071 cum;
1320 3003 1487 3054 nam
1518 2979 1830 3064 Gonora,
1856 3002 2045 3053 uxor
2070 2979 2419 3052 Richardi
2452 2978 2512 3051 1.
2547 2979 2748 3050 ducis
2783 2977 3246 3065 Normaniae,
3271 2981 3352 3052 in
3381 2982 3622 3076 gentis
3653 2981 3875 3056 histo-

1078 3097 1190 3168 ria
1220 3097 1643 3172 celebratur.
1745 3094 2139 3170 Festivitas
2172 3097 2290 3170 die
2324 3114 2506 3168 vm.
2537 3093 2590 3166 J
2589 3117 2842 3168 anuar.
2949 3094 3413 3169 Consuetudo
3445 3097 3606 3168 loci.

1902 3329 1979 3403 S.
2032 3325 2763 3401 GUTHAGONUS.
2867 3331 3037 3400 584.
3097 3349 3103 3354 ·

1073 3564 1147 3637 S.
1183 3564 1787 3648 GUTHAGONUS,
1837 3585 2026 3634 unus
2076 3585 2167 3634 ex
2217 3560 2624 3654 apostolicis
2671 3559 3087 3654 primitivae
3129 3559 3506 3635 Scotorum
3539 3563 3868 3637 ecclesiae

1070 3680 1713 3764 concionatoribus,
1784 3677 2139 3751 Findochi
2207 3693 2452 3750 XXXI.
2535 3677 2726 3773 reg-is
2793 3675 3004 3761 filius,
3091 3675 3320 3750 frater
3383 3677 3697 3750 Donaldi
3769 3679 3865 3752 11.

1072 3809 1145 3868 et
1210 3797 1629 3880 Crathlinti,
1690 3817 1910 3890 nepos
1970 3793 2416 3876 Athirconis,
2483 3815 2761 3889 regum,
2830 3793 3110 3864 fervore
3185 3794 3543 3890 evangelii
3610 3803 3864 3878 tactus,

1066 3915 1381 4007 patriam
1416 3911 1712 4005 reliquit
1742 3933 1905 3982 cum
1940 3909 2014 3982 S.
2052 3911 2304 3982 Macra
2347 3929 2610 3990 sorore,
2661 3919 2737 3980 et
2783 3910 2862 3980 in
2899 3905 3242 4005 Belgium
3278 3911 3668 4006 trajiciens,
3719 3911 3864 3984 Ro·

1062 4051 1261 4100 mam
1310 4026 1939 4101 concionabundus
1988 4046 2434 4121 progressus,
2481 4023 2853 4116 reduxque
2903 4033 2949 4067 “
2997 4026 3384 4118 aliquando
3433 4027 3624 4117 apud
3677 4025 3863 4100 Bru·

1069 4165 1200 4238 gas
1234 4143 1311 4214 in
1350 4142 1651 4215 Knocke
1682 4151 1794 4214 est
1826 4149 2312 4224 conversatus,
2345 4149 2420 4212 et
2451 4141 2530 4210 in
2565 4137 2956 4211 Oestkirka
2987 4141 3380 4233 sepultus.”
3467 4139 3586 4213 Ex
3619 4143 3862 4216 lectio·

1068 4257 1283 4330 nibus
1339 4259 1419 4330 in
1473 4257 1867 4331 Oestkirka
1912 4257 1964 4328 J
1965 4279 2126 4329 oan.
2178 4255 2518 4328 Molanus
2569 4253 2887 4328 Natalib.
2945 4277 3114 4351 pag.
3168 4273 3504 4329 xxxvn.
3561 4268 3722 4330 tum
3773 4258 3860 4331 de

1068 4375 1273 4446 cultu
1296 4373 1487 4444 idem
1512 4374 1887 4468 theologus
1914 4373 2203 4446 subdit:
2259 4381 2304 4414 ‘⁶
2329 4370 2420 4443 Β.
2450 4368 2870 4467 Guthagoni
2897 4394 3177 4465 corpus,
3202 4370 3519 4445 Domino
3541 4395 3674 4465 per
3693 4396 3854 4446 eum

1066 4491 1301 4562 multa
1330 4489 1680 4561 miracula
1712 4487 2041 4574 faciente,
2074 4489 2163 4560 de
2195 4486 2578 4560 humiliore
2627 4490 2780 4559 loco
2829 4489 2908 4560 in
2957 4509 3243 4581 capsam
3295 4488 3670 4560 transtulit
3719 4488 3855 4562 Ge-

1066 4605 1325 4680 rardus
1380 4603 1861 4678 Tornacensis
1920 4607 2315 4698 episeopus,
2373 4624 2566 4674 anno
2625 4619 2922 4676 ncmx.
2991 4605 3202 4676 nonis
3257 4603 3488 4692 Julii3
3559 4605 3854 4678 eandem

1062 4744 1352 4816 capsam
1408 4729 1820 4795 reverenter
1866 4743 1951 4792 ac
2000 4721 2259 4794 devote
2307 4719 2590 4812 aperuit
2641 4728 2716 4792 et
2777 4721 3107 4793 visitavit
3166 4718 3241 4791 N
3243 4721 3532 4806 icolaus,
3585 4720 3854 4813 episco-

1062 4837 1141 4931 pi
1192 4834 1671 4912 Tornacensis
1720 4835 2238 4934 suffraganeae,
2289 4835 2408 4908 die
2467 4851 2522 4906 1.
2573 4834 2910 4909 Octobris
2963 4851 3379 4910 Mcnxtrv.
3435 4836 3852 4932 invenitque
