4384 5817
1050 585 1183 654 306
1814 585 2290 658 HISTORIA
2333 582 3088 710 ECCLESIASTICA

1053 779 1219 852 albo
1250 779 1605 873 asa-iptus
1638 788 1770 852 est.
1842 777 2157 854 Colitur
2186 779 2308 852 die
2351 795 2478 856 111.
2522 779 2734 857 Maii.
2831 779 3110 857 Melan.
3157 777 3537 858 Addltion.
3589 779 3859 860 Usuar.

1055 893 1301 967 Uvion
1332 895 1457 968 lib.
1494 911 1619 968 111.
1653 917 1819 992 pag.
1854 911 2075 968 CLVI.
2110 904 2186 968 et
2215 895 2342 969 lib.
2369 913 2482 970 Ἡ.
2517 919 2668 991 cap.
2697 913 2938 972 XXIV.
2973 917 3065 970 ex
3089 894 3412 982 Ledaeo,
3440 919 3658 991 quem
3693 901 3862 974 vide

886 1081 893 1088 .
1055 1011 1184 1084 lib.
1219 1028 1333 1084 VI.
1367 1033 1533 1108 pag.
1572 1029 1932 1084 ecxxm.
2034 1011 2342 1104 Scripsit

1238 1155 1250 1166 ·
1350 1126 1971 1200 Commentarium
2002 1129 2083 1204 in
2116 1127 2476 1225 Regulam
2509 1127 3091 1204 Ecclesiasticam
3287 1132 3415 1206 lib.
3469 1181 3492 1205 .
3545 1182 3566 1204 .

1088 1291 1097 1298 -
1154 1243 1445 1318 Floruit
1476 1267 1667 1318 anno
1702 1260 2029 1316 MeLxx.
2261 1253 2266 1256 ·

1936 1477 2015 1552 S.
2066 1475 2698 1566 GUINOTHUS.
2804 1475 2980 1562 569.

1058 1715 1133 1787 S.
1170 1712 1689 1796 GUINOTHUS,
1722 1712 1943 1785 abbas
1977 1711 2366 1797 Deiranus,
2396 1711 2818 1786 Alexandro
2851 1713 2993 1787 111.
3037 1716 3196 1812 regi
3239 1739 3286 1788 a
3329 1717 3588 1796 sacello
3635 1727 3712 1790 et
3751 1739 3864 1791 sap

1059 1833 1199 1904 cris
1224 1829 1695 1902 conscientiae
1718 1827 1885 1914 fuit,
1910 1829 2338 1902 eruditionis
2361 1831 2772 1902 mundanae
2794 1831 3086 1923 quidem
3113 1833 3400 1917 callens,
3425 1834 3552 1904 sed
3575 1833 3866 1908 divinae

1060 1945 1455 2040 sapientiae
1486 1945 1789 2039 cupidus
1824 1946 2057 2041 magis
2089 1947 2532 2020 observator.
2634 1945 2822 2020 Cum
2853 1949 3214 2044 legatione
3263 1947 3360 2020 ad
3407 1939 3862 2024 Florentium

1063 2063 1497 2136 Hollandiae
1562 2061 1899 2134 comitem
1963 2061 2412 2158 fungeretur,
2495 2085 2759 2160 magno
2821 2065 3018 2159 regis
3092 2064 3360 2150 dolore,
3443 2067 3572 2138 sed
3649 2067 3864 2162 longe

1058 2179 1358 2276 maj0re,
1430 2176 1527 2250 ob
1598 2177 2053 2250 incommoda
2120 2199 2308 2270 quae
2369 2189 2622 2272 postea
2685 2165 3104 2266 evenerunt,
3169 2182 3378 2278 regni
3433 2181 3664 2256 totius
3717 2183 3864 2258 dis·

1058 2296 1343 2390 pendio,
1398 2295 1553 2368 vita
1600 2294 1920 2378 functum
1974 2317 2059 2366 ac
2104 2295 2185 2365 in
2233 2295 2546 2387 patriam
2594 2298 2892 2381 relatus,
2947 2297 3232 2393 ingenti
3283 2297 3658 2394 signorum
3711 2301 3866 2396 glo-

1062 2415 1175 2485 ria
1238 2411 1600 2496 inclamit,
1666 2409 1761 2482 ab
1826 2410 2157 2502 episcopo
2221 2405 2724 2484 Abel-<lonensi
2793 2415 3138 2500 elevatus,
3207 2412 3284 2486 S.
3351 2413 3518 2486 sede
3583 2425 3864 2510 aposto-

1060 2528 1201 2602 lica
1244 2527 1575 2626 jubente.
1668 2523 1906 2601 Extat
1962 2524 2274 2600 officium
2333 2543 2450 2606 lx.
2509 2530 2926 2613 lectionum,
2991 2539 3070 2602 et
3123 2531 3396 2623 templa
3459 2531 3739 2625 aliquot
3793 2535 3860 2604 ei

1062 2645 1321 2717 dicata.

1136 2760 1549 2854 ,Depositus
1606 2777 1801 2832 anno
1852 2775 2354 2834 mccxxcvn.
2415 2761 2678 2836 colitur
2733 2761 2852 2834 die
2912 2778 3154 2834 xxm.
3215 2760 3502 2841 Martii.
3549 2762 3602 2835 J
3603 2763 3862 2838 acobus

1062 2877 1511 2972 Cheynaeus.

1942 3113 2019 3186 S.
2070 3111 2699 3188 GUINOTHUS.
2802 3119 2972 3196 570.
3123 3161 3136 3174 ·

1061 3347 1136 3420 S.
1182 3346 1683 3420 Gumornus
1732 3348 2129 3441 episeopus,
2179 3348 2338 3445 regi
2387 3347 2590 3422 Etho
2637 3372 2684 3421 a
2731 3350 2976 3433 saeris,
3025 3349 3236 3446 eujus
3275 3348 3596 3442 perditos
3629 3369 3862 3423 mores

1061 3486 1226 3538 cum
1260 3464 1449 3536 ferre
1477 3486 1626 3537 non
1659 3473 1925 3558 posset,
1960 3465 2252 3538 secessit
2283 3467 2376 3539 ab
2408 3468 2595 3550 aula,
2642 3466 2769 3536 sed
2801 3489 2887 3538 eo
2933 3465 3014 3536 in
3063 3487 3342 3538 earcere
3391 3466 3772 3550 exstineto,
3819 3491 3863 3538 a

1060 3579 1415 3680 Gregorio
1444 3603 1615 3678 rege
1646 3591 2047 3666 revocatus,
2082 3582 2149 3654 ei
2181 3581 2328 3654 fuit
2359 3606 2404 3654 a
2437 3581 2658 3654 saeris
2691 3569 3281 3655 confessionibus.
3381 3579 3694 3674 Scripsit

1358 3695 1748 3790 Speculum
1779 3696 1997 3772 Vitae
2029 3699 2390 3771 humanae
2487 3698 2614 3770 lib.
2651 3715 2706 3770 1.
2797 3697 3091 3770 Laudat
3123 3697 3532 3782 Fordunus,
3565 3698 3694 3770 sed
3723 3719 3868 3772 non

1458 3822 1685 3887 extat.

1160 3929 1505 4004 Florebat
1548 3953 1741 4002 anno
1774 3945 2314 4002 ccchxxvn.
2415 3931 2701 4003 Colitur
2741 3931 2862 4002 (lie
2911 3947 3123 4002 xvn.
3175 3928 3480 4023 AprssiS.
3534 3929 3858 4004 Breviar.

1062 4045 1365 4121 Scotica.
1472 4045 1781 4139 Templa
1812 4045 1921 4118 illi
1954 4046 2296 4140 pleraque
2325 4049 2408 4121 in
2437 4046 2682 4120 Scotia
2709 4045 2968 4120 dicata.
3065 4147 3074 4156 .

1990 4279 2066 4353 S.
2114 4277 2650 4354 GODRICUS.
2752 4283 2924 4361 571.

1061 4513 1138 4586 S.
1175 4510 1625 4599 Gomucus,
1676 4518 2151 4609 cognomento
2199 4509 2554 4596 Eremita,
2601 4519 2886 4604 patrem
2934 4511 3194 4584 habuit
3241 4510 3669 4598 Avillardo,
3719 4535 3863 4586 ma·

1062 4639 1251 4704 trem
1328 4628 1880 4701 Radwennam:
1952 4627 2035 4698 in
2110 4626 2586 4700 adolesoentia
2665 4641 3146 4700 mercaturam
3211 4629 3552 4714 exercuit,
3619 4638 3867 4723 postea

1058 4743 1715 4842 peregrinationem
1792 4743 1885 4814 ad
1966 4740 2043 4814 S.
2108 4739 2448 4816 Andreae
2519 4743 2862 4837 reliquias
2923 4743 3006 4815 in
3069 4743 3337 4830 Soada,
3401 4754 3564 4816 tum
3629 4746 3725 4817 ad
3781 4747 3863 4818 li·

1056 4863 1265 4940 mina
1330 4859 1535 4937 Petri
1606 4869 1683 4934 et
1758 4857 1973 4933 Pauli
2038 4859 2533 4952 apostolorum
2599 4856 2914 4933 Romam
2973 4861 3314 4954 suscepit.
3431 4858 3697 4933 Postea
3759 4871 3865 4934 to-
