4384 5817
1091 546 1135 607 2
1862 544 2328 616 HISTORIA
2373 543 3122 616 ECCLESIASTICA

1100 742 1144 775 ‘⁶
1168 732 1469 807 Laubiis
1494 735 1720 808 natali
1746 734 1821 807 S.
1842 733 2116 821 Abelis,
2137 736 2450 830 episcopi
2475 744 2548 809 et
2573 736 3019 821 confessoris,
3043 737 3336 810 natione
3353 733 3550 811 Scoti
3574 740 3634 809 :”
3665 762 3886 825 error,

1096 870 1267 921 nam
1314 872 1445 922 nec
1494 852 1887 943 episcopus,
1938 852 2065 921 sed
2112 852 2707 945 archiepiscopus,
2757 862 2833 925 et
2881 851 3126 925 abbas.
3222 852 3548 950 catalog.
3595 852 3893 928 Arcbie-

1094 966 1551 1057 piscoporum
1584 961 2103 1038 Rhemensium
2136 988 2228 1038 ex
2259 964 2422 1039 MS.
2467 964 2934 1054 Demochare,
2979 977 3054 1039 et
3087 968 3234 1054 alii,
3267 970 3543 1043 incerto
3574 978 3884 1043 auctore.

1100 1088 1144 1122 ‘⁶
1177 1080 1473 1152 Mortuo
1524 1078 1862 1153 Martello
1910 1102 2101 1153 anno
2150 1098 2488 1155 Dccxm.
2553 1084 2870 1155 censuris
2927 1082 3314 1156 Zachariae
3369 1106 3598 1177 papae
3655 1086 3888 1159 dictus

1096 1194 1281 1267 Milo
1315 1198 1657 1289 expulsus
1689 1204 1801 1268 est
1832 1219 1879 1268 a
1910 1198 2274 1289 praedicta
2305 1198 2470 1270 sede
2511 1196 2926 1284 Rhemensi,
2970 1208 3046 1271 et
3089 1200 3163 1271 S.
3211 1198 3610 1295 Rigoberto
3645 1199 3890 1295 jungi·

1092 1320 1219 1382 tur
1276 1312 1733 1405 coepiscopus
1794 1334 1839 1383 a
1884 1310 2261 1386 Bonifacio
2311 1312 2836 1385 Germanorum
2896 1316 3244 1408 apostolo,
3303 1312 3648 1387 Zacharia
3703 1338 3886 1409 papa

1088 1427 1412 1520 jubente,
1448 1428 1522 1499 S.
1559 1425 1749 1498 Abel
1782 1426 2107 1499 Scotus.”
2215 1427 2362 1500 Pro
2395 1428 2810 1522 coepiscopo
2841 1448 3094 1513 censeo
3125 1428 3616 1521 reponendum
3649 1430 3886 1503 chore·

1096 1545 1451 1638 piscopus,
1481 1564 1659 1615 nam
1688 1540 1871 1639 χώρα
1900 1544 2103 1639 regio
2134 1552 2288 1616 est:
2335 1544 2452 1629 iis,
2483 1544 2619 1636 qui
2649 1544 2730 1615 in
2761 1544 3027 1617 laboris
3059 1544 3454 1641 evangelici
3483 1544 3886 1617 subsidium

1094 1659 1557 1742 vocabantur,
1614 1661 1816 1756 regio
1864 1660 2248 1753 quaepiam
2297 1658 2802 1756 assignabatur
2847 1661 3246 1745 invisenda,
3296 1660 3882 1747 administranda,

1090 1773 1285 1867 quod
1318 1774 1689 1867 episcopus
1722 1776 1965 1847 omnia
1994 1776 2292 1853 ditionis
2323 1796 2494 1847 suae
2523 1776 2680 1847 loca
2711 1775 3086 1849 circumire
3117 1798 3266 1851 non
3307 1782 3570 1869 posset,
3617 1777 3885 1850 vocati-

1092 1911 1235 1982 que
1266 1888 1375 1959 illi
1407 1888 1681 1961 Vicarii
1714 1889 2081 1983 Episcopi.
2132 1889 2574 1961 Hincmarus
2619 1891 2812 1983 apud
2859 1890 3348 1963 Flodoardum
3389 1890 3518 1963 lib.
3565 1908 3682 1963 111.
3727 1913 3881 1985 cap.

1092 2022 1309 2075 xxu.
1360 2004 1601 2087 Quare
1652 2003 1923 2077 Gallice
1970 2007 2210 2077 locum
2258 2006 2452 2077 hunc
2502 2016 2788 2077 vertens
2838 2006 3182 2077 Nicolaus
3233 2004 3610 2079 Chesneau
3657 2002 3886 2102 ἆσμα

1090 2116 1326 2205 rural,
1350 2122 1557 2213 quasi
1578 2121 1889 2193 ruralem
1911 2120 2317 2205 diaconum,
2341 2128 2576 2193 vocat.
2619 2118 2954 2194 Praestat
2973 2120 3194 2193 verba
3211 2119 3599 2193 Flodoardi
3619 2122 3709 2194 de
3727 2125 3883 2221 ejus

1092 2238 1431 2309 electione
1464 2236 1736 2320 audire,
1769 2237 1877 2308 ita
1906 2236 2099 2307 enim
2142 2237 2272 2309 lib.
2309 2256 2395 2307 11.
2442 2233 2720 2309 Histor.
2767 2235 3152 2309 Rhemens.
3195 2257 3350 2329 cap.
3394 2254 3570 2309 ΧΠ.
3621 2246 3669 2281 “
3699 2238 3884 2311 Bea-

1088 2361 1249 2424 tum
1282 2350 1759 2445 Rigobertum
1791 2360 2078 2423 secutus
2112 2350 2302 2424 Abel
2333 2354 2412 2423 in
2445 2350 2894 2443 episcopatus
2925 2352 3176 2423 ordine
3200 2352 3602 2445 reperitur:
3635 2376 3883 2447 quam·

1086 2469 1199 2541 vis
1259 2488 1423 2538 eum
1480 2469 1777 2559 quidam
1832 2468 2421 2560 chorepiscopum
2473 2474 2758 2539 tantum
2817 2466 3040 2539 fuisse
3099 2468 3414 2552 tradant,
3473 2469 3880 2562 pontificem

1086 2595 1329 2657 tamen
1362 2583 1567 2653 illum
1601 2582 1904 2653 diversis
1938 2583 2452 2655 assertionibus
2484 2582 2893 2654 invenimus
2935 2582 3326 2655 extitisse?
3425 2582 3716 2657 Profert
3759 2585 3880 2657 de-

1087 2700 1257 2770 inde
1313 2699 1491 2770 duas
1550 2698 1884 2789 epistolas
1942 2696 2330 2768 Zachariae
2393 2718 2620 2791 papae
2684 2697 2948 2790 quibus
3012 2698 3276 2769 diserte
3339 2698 3418 2769 id
3475 2699 3826 2793 probatur
3850 2724 3873 2771 z

1086 2836 1235 2886 una
1282 2812 1542 2884 harum
1592 2821 1701 2885 est
1748 2834 1950 2884 num.
2004 2830 2116 2883 Π.
2170 2813 2362 2883 inter
2409 2812 2660 2896 editas,
2715 2814 2942 2883 altera
2989 2821 3101 2887 cst
3153 2830 3475 2885 lxxxv·
3535 2822 3710 2887 tom.
3762 2834 3876 2887 111.

1088 2930 1464 3002 concilior.
1502 2928 1606 2999 ait
1637 2927 1915 3011 deinde,
1951 2936 1997 2969 ‘⁴
2032 2926 2340 2999 Chartas
2373 2928 2672 3019 reperiri
2704 2926 2934 3019 ipsius
2967 2928 3280 3022 episcopi
3313 2930 3602 3002 nomine
3633 2932 3878 3003 titula-

1090 3054 1203 3115 tas
1226 3046 1290 3128 ;”
1339 3053 1497 3115 tum
1532 3043 1891 3115 concludit
1923 3064 2177 3115 verum
2213 3064 2388 3126 esse,
2423 3043 2664 3113 sedem
2695 3064 2854 3113 eam
2885 3044 3156 3115 rexisse
3191 3046 3420 3128 illum,
3455 3068 3548 3117 ex
3579 3047 3878 3139 epistola

1090 3160 1447 3231 Hadriani
1482 3158 1541 3230 1.
1577 3160 1671 3231 ad
1704 3157 2103 3251 Tilpinum,
2138 3179 2289 3241 seu,
2323 3168 2410 3230 ut
2441 3158 2602 3229 aliis
2647 3158 2910 3241 visum,
2957 3156 3368 3251 Turpinum
3415 3160 3878 3254 archiepisco-

1084 3299 1262 3370 pum
1286 3276 1787 3347 Rhemensem.
1854 3273 2071 3346 Addo
2100 3274 2530 3369 Catalogum
2555 3272 2951 3357 laudatum,
2977 3274 3054 3345 in
3079 3296 3224 3367 quo
3251 3276 3354 3348 sic
3385 3276 3736 3369 scriptum
3767 3300 3878 3348 re·

1084 3392 1332 3483 perio:
1384 3400 1430 3432 “
1463 3389 1541 3464 S.
1577 3389 1767 3463 Abel
1800 3390 2055 3462 Scotus
2100 3390 2364 3467 residet
2407 3390 2486 3464 in
2531 3389 2824 3462 ecclesia
2867 3387 3283 3475 Rhemensi,
3328 3392 3454 3462 sed
3498 3392 3591 3464 ab
3631 3392 3878 3463 eadem

1084 3529 1369 3601 quoque
1400 3507 1801 3598 depellitur,
1835 3505 2266 3597 tandemque
2297 3503 2478 3575 obiit
2508 3506 2590 3576 in
2619 3504 3055 3577 monasterio
3101 3502 3494 3579 Laubiensi
3538 3506 3874 3579 dioecesis

1082 3622 1662 3697 Cameracensis:
1714 3622 1907 3693 hunc
1952 3620 2248 3713 quidam
2279 3642 2427 3691 non
2457 3628 2862 3707 numerant,
2911 3629 2986 3692 et
3033 3620 3426 3693 secundum
3467 3622 3606 3695 hoc
3651 3620 3874 3695 Hinc-

1080 3762 1325 3814 marus
1382 3738 1463 3811 in
1524 3736 1889 3831 epitaphio
1945 3736 2020 3808 S.
2080 3735 2400 3831 Remigii
2469 3759 2548 3809 se
2615 3744 2825 3809 vocat
2891 3752 3136 3809 xxxl.
3203 3738 3614 3831 episcopum
3679 3736 3874 3811 Rhe-

1081 3876 1421 3939 mensem,
1446 3864 1522 3925 et
1546 3871 1722 3925 xvl.
1750 3875 1792 3924 a
1818 3850 1893 3925 S.
1924 3849 2330 3947 Remigio-’⁹
2413 3850 2554 3925 Sed
2577 3860 2828 3925 contra
2849 3852 3036 3926 hanc
3063 3850 3440 3926 Hincmari
3465 3854 3872 3947 opinionem

1080 3978 1227 4045 stat
1275 3971 1541 4043 veritas
1589 3971 1769 4061 ipsa,
1818 3977 1905 4040 ut
1952 3966 2234 4042 abunde
2283 3966 2503 4039 verba
2548 3966 2878 4063 Catalogi
2927 3968 3140 4049 istius
3189 3970 3521 4041 ecclesiae
3568 3967 3870 4041 fideliter

1082 4088 1349 4180 scripta
1392 4096 1469 4158 et
1510 4086 1739 4157 relata
1786 4082 2117 4177 probant,
2150 4090 2436 4175 praeter
2467 4082 2850 4155 Flodoardi
2885 4092 3170 4158 textum
3202 4083 3866 4155 evidentissimum:

1082 4204 1266 4277 addo
1314 4210 1389 4274 et
1438 4198 1817 4273 Laurentii
1866 4199 2063 4271 Surii
2112 4196 2346 4282 fidem,
2396 4198 2524 4291 qui
2567 4199 2646 4269 in
2687 4200 2842 4271 vita
2883 4198 2960 4271 S.
3010 4197 3391 4295 Rigoberti
3432 4207 3607 4272 tom.
3651 4218 3704 4271 1.
3757 4200 3872 4273 die

1084 4336 1196 4390 Π.
1242 4316 1575 4389 Januarii
1622 4316 2101 4391 Hincmarum
2150 4314 2361 4406 ponit
2402 4314 2740 4408 quintum
2780 4338 2825 4387 a
2867 4314 2942 4390 S.
2987 4314 3386 4411 Rigoberto
3425 4313 3872 4390 Rhemorum

1079 4436 1513 4529 episcopum,
1578 4434 1773 4526 quod
1826 4454 2079 4503 verum
2136 4452 2284 4503 non
2327 4439 2550 4515 esset,
2607 4430 2748 4501 nisi
2815 4430 3386 4523 archiepiscopus
3453 4438 3870 4504 numeretur

1078 4550 1151 4623 S.
1188 4549 1399 4637 Abel,
1442 4572 1612 4626 nam
1656 4572 1740 4621 eo
1782 4548 2288 4643 praetermisso
2329 4546 2789 4638 reperiuntur
2833 4554 3115 4619 tantum
3159 4554 3472 4639 quatuor
3519 4546 3667 4630 isti,
3719 4544 3868 4615 Til·

1076 4668 1315 4760 Pimffl,
1352 4688 1479 4746 seu
1510 4664 1560 4737 J
1562 4688 1827 4749 oannes
1871 4662 2265 4756 Turpinus,
2317 4663 2524 4756 cujus
2571 4682 2832 4733 nomen
2880 4661 3260 4735 fabulosae·
3287 4664 3376 4734 de
3420 4660 3680 4733 Catulo
3713 4658 3870 4731 Ma-

1075 4806 1221 4879 gno
1268 4792 1345 4855 et
1392 4782 1721 4856 Rolando
1772 4780 2143 4855 Historiae
2190 4776 2635 4875 praefigitur,
2683 4776 3061 4849 Vulfarius
3113 4775 3468 4851 Ludovici
3537 4776 3650 4848 Pii
3711 4798 3872 4849 can-
