4384 5817
1057 583 1186 649 162
1821 577 2289 648 HISTORIA
2336 573 3089 645 ECCLESIASTICA

1065 785 1154 845 ut
1189 774 1264 844 S.
1301 771 1658 844 Alcuinus
1691 769 1930 862 Epist.
1965 769 2058 838 ad
2091 766 2431 839 Flavium
2466 765 2843 838 Demetam
2876 765 3149 852 scribit,
3184 768 3303 838 cui
3346 767 3564 840 etiam
3598 773 3675 842 in
3700 774 3865 847 Sco-

1067 891 1171 962 tia
1205 889 1447 985 agenti
1481 887 1828 980 quosdam
1863 883 2413 955 commentarios
2446 903 2613 954 suos
2648 881 2719 952 S.
2754 879 3119 954 Alcuinus
3153 883 3454 955 dedicat.
3566 885 3865 980 Scripsit

1366 1001 1736 1096 Epistolas
1769 1003 1860 1072 ad
1893 999 2291 1070 Alcuinum
2324 999 2762 1094 magistrum
2974 1023 2983 1030 ·
3032 998 3160 1070 lib.
3198 1018 3251 1070 1.
3288 997 3597 1092 Reliqua
3631 1024 3865 1096 opera,

1463 1115 1694 1188 Danis
1745 1117 2057 1187 insulam
2111 1115 2312 1184 illam
2357 1111 2711 1184 Senticam
2756 1113 3321 1198 devastantibus,
3374 1125 3448 1188 et
3492 1115 3867 1191 bibliothe-

1465 1253 1624 1302 cam
1659 1230 2225 1313 incendentibus,
2252 1229 2651 1320 perierunt.

1170 1347 1455 1420 claruit
1491 1368 1680 1419 anno
1715 1363 2010 1418 nccxc.
2113 1343 2399 1416 Colitur
2431 1361 2604 1414 xV1.
2637 1341 2939 1415 Januar.

1849 1575 1902 1646 J
1901 1574 2120 1647 OAN
2121 1573 2323 1647 NES
2370 1573 2821 1646 CURRAR.
2924 1579 3092 1654 274.

1081 1808 1131 1880 J
1133 1825 1467 1882 oANNEs
1494 1809 1786 1890 Currar,
1811 1809 1966 1878 sive
1995 1804 2400 1890 Currerius,
2430 1806 2643 1876 domo
2676 1803 3102 1888 Banfiensis,
3134 1807 3261 1878 sed
3284 1807 3553 1914 insigni
3578 1813 3869 1884 militari

1081 1925 1511 1998 fortitudine
1541 1925 1696 2020 regi
1729 1921 2123 1995 Wilhelmo
2165 1943 2397 1994 carus.
2458 1919 2645 1992 Cum
2678 1921 3059 2012 recepisset
3092 1919 3693 1997 Northumbriam
3724 1951 3869 2012 rex,

1083 2038 1426 2112 Currerio
1459 2041 1632 2113 data
1662 2038 2072 2133 provinciae
2105 2037 2672 2121 administratio;
2729 2037 2974 2130 itaque
3006 2037 3127 2108 ille
3160 2038 3361 2132 regio
3394 2041 3683 2112 nomine
3714 2063 3875 2133 pro·

1085 2155 1397 2226 vinciam
1431 2156 1794 2239 lustravit,
1837 2175 1921 2225 ac
1963 2154 2387 2224 circumiens
2429 2153 2509 2224 in
2540 2152 3085 2224 commentarios
3118 2151 3371 2224 retulit
3404 2155 3593 2226 vires
3628 2159 3874 2228 civita·

1086 2280 1268 2356 tum,
1307 2279 1524 2364 atque
1565 2271 1999 2364 populorum
2048 2269 2176 2360 qui
2221 2268 2407 2338 bello
2450 2269 2801 2340 inservire
2842 2276 3136 2360 possent
3183 2269 3746 2354 multitudinem,
3792 2283 3875 2344 ut

937 2445 948 2456 .
1087 2385 1354 2459 faceret
1420 2387 1780 2479 quoddam
1851 2385 2078 2457 veluti
2145 2384 2621 2455 summarium
2690 2392 2820 2456 aut
2884 2382 3326 2455 breviarium
3384 2386 3724 2481 regionis,
3792 2397 3875 2458 ut

1089 2511 1298 2574 vocat
1330 2501 1774 2574 Suetonius
1751 2523 1830 2571 m
1865 2499 2229 2595 Augusto.
2333 2499 2665 2570 Titulum
2698 2499 2899 2592 operi
2930 2497 3122 2584 fecit,

1383 2616 1496 2688 De
1577 2615 2036 2710 septuaginta
2117 2623 2191 2686 et
2272 2623 2433 2688 octo
2512 2615 2815 2686 munitis
2904 2613 3235 2688 Castellis
3319 2565 3879 2688 Northumbriae

1485 2731 1890 2804 Comitatus
2974 2731 3098 2802 lib.
3136 2749 3191 2801 1.

1388 2846 1500 2917 De
1535 2839 2088 2917 Possessoribus
2105 2867 2352 2917 eorum
2386 2846 2727 2918 continua
2758 2847 2939 2917 serie
2970 2847 3094 2918 lib.
3134 2863 3187 2918 1.

1386 2960 1498 3031 De
1532 2959 1784 3031 Officio
1816 2960 2172 3032 Limitum
2206 2959 2559 3032 Praefecti
2974 2961 3097 3032 lib.
3137 2980 3189 3032 1.

1384 3075 1760 3168 Epistolae
1791 3075 1885 3147 ad
1917 3073 2393 3146 Wilhelmum
2426 3075 2699 3171 Regem
2972 3076 3094 3148 lib.
3134 3094 3187 3147 1.

1193 3192 1481 3266 Floruit
1511 3191 1701 3263 circa
1731 3211 2000 3262 annum
2036 3207 2412 3261 Mchxx.

1931 3386 2005 3460 S.
2056 3385 2781 3459 COLUMBANUS.
2884 3391 3054 3467 2⁸75.

1093 3537 1168 3609 S.
1207 3539 1805 3620 COLUMBANUS,
1839 3543 1913 3609 et
1944 3537 2082 3608 iste
2115 3535 2209 3607 ab
2240 3534 2402 3606 aliis
2436 3535 2763 3608 diversus
2799 3545 3055 3621 aetate,
3104 3546 3180 3609 et
3224 3536 3417 3610 vitae
3450 3538 3875 3624 conditione,

1096 3677 1265 3726 nam
1301 3662 1466 3745 post
1501 3654 1661 3724 illos
1695 3653 1944 3723 multis
1977 3652 2184 3722 aunis
2220 3649 2429 3733 vixit,
2463 3658 2537 3720 et
2568 3673 2733 3722 cum
2766 3653 2874 3723 illi
2906 3652 3343 3724 monasticae
3384 3675 3465 3724 se
3511 3653 3705 3726 vitae
3738 3663 3879 3726 tra-

1099 3769 1471 3850 didissent,
1505 3767 1623 3836 hic
1667 3767 2036 3858 episcopus
2079 3786 2247 3834 cum
2293 3763 2719 3848 Thomiano,
2767 3766 3199 3851 chromano,
3244 3767 3580 3852 Dimano,
3624 3779 3699 3841 et
3743 3769 3881 3840 Ba-

1103 3884 1323 3955 thano
1357 3883 1808 3975 coepiscopis,
1844 3879 2198 3982 Scoticam
2231 3878 2594 3950 ecclesiam
2638 3881 2954 3976 regebat,
3004 3903 3167 3952 cum
3208 3891 3369 3955 orta
3412 3892 3523 3954 est
3565 3884 3691 3954 illa
3732 3905 3882 3975 per-

1103 3999 1374 4082 niciosa
1430 3999 1518 4067 de
1577 3996 1994 4068 celebrando
2051 3994 2403 4065 Paschate
2456 3994 2646 4067 inter
2689 3996 2936 4068 Scotos
2984 4003 3059 4069 et
3104 3995 3495 4068 Britannos
3541 4000 3881 4091 quaestio,

1105 4122 1189 4184 ut
1222 4111 1529 4183 habetur
1560 4112 1640 4182 in
1683 4110 2010 4182 Decretis
2047 4107 2359 4180 Honorii
2398 4107 2459 4178 1.
2494 4131 2646 4203 cap.
2684 4129 2864 4182 XIX.
2910 4121 3085 4182 tom.
3132 4129 3254 4184 111.
3306 4111 3689 4184 Concilior.
3722 4133 3881 4206 pag.

1112 4245 1353 4298 Lxm.
1457 4225 1760 4316 Scripsit
2391 4209 2397 4218 ’

1400 4339 1768 4432 Epistolas
1801 4339 1894 4410 ad
1936 4337 2303 4409 Hilarium
2346 4334 3094 4432 Archipresbyterum,
3144 4340 3197 4411 J
3197 4361 3499 4412 oannem
3549 4341 3886 4412 Primice-

1501 4458 1716 4538 rium,
1757 4453 1807 4524 J
1811 4475 2116 4526 oannem
2157 4451 2582 4535 Diaconum,
2623 4451 2676 4522 J
2676 4477 2979 4526 oannem
3021 4477 3311 4526 servum
3344 4455 3504 4539 Dei,
3553 4455 3627 4527 S.
3666 4455 3759 4526 R.
3796 4453 3887 4526 E.

1497 4573 1738 4641 locum
1771 4577 2163 4650 servantes,
2196 4574 2271 4637 et
2302 4567 2501 4650 alios,
2528 4577 2612 4640 ut
2646 4566 2993 4652 Boethius
3020 4579 3371 4642 memorat
3394 4571 3518 4644 lib.
3550 4589 3665 4641 lx.
3697 4571 3888 4642 Hist.

1507 4684 1699 4757 Scot.
1733 4705 1898 4778 pag.
1935 4699 2281 4753 chxv1.

1404 4801 1516 4872 De
1553 4799 1902 4872 Paschate
1934 4797 2353 4870 celebrando
2990 4797 3115 4870 lib.
3154 4817 3203 4868 1.
