4384 5817
1061 545 1150 612 52
1815 541 2281 616 HISTORIA
2324 541 3071 614 EchEsusTIcA

1167 733 1480 807 Vivebat
1513 733 1938 810 vilissimum
1971 735 2393 808 ultimorum
2422 732 2777 808 artificum
2808 731 3297 826 opprobrium,
3320 753 3511 809 anuo
3538 749 3845 808 unnxr.

1070 847 2020 934 TalesPauIQearsmea
2061 847 2325 934 Seotia,
2370 847 3411 944 lap-ustuiduosshsbuisti,
3460 849 3847 946 quietim

1071 963 1309 1036 viliori
1342 962 1534 1056 plebi
1563 963 1802 1038 forent
1831 964 2313 1038 erubescendi.

1710 1191 1859 1266 AN
1860 1194 2291 1269 ONYMUS
2340 1195 2975 1272 Hls'romcus.
3076 1195 3199 1272 s6.

1069 1422 1612 1498 ALEXANDRO
1663 1423 1804 1498 111.
1857 1435 1904 1470 ‘⁶
1946 1448 2117 1523 rege
2157 1426 2536 1512 declarato,
2586 1449 2669 1500 ac
2710 1447 2913 1500 sacro
2959 1423 3321 1520 peraeto?
3366 1427 3475 1500 sit
3520 1425 3621 1500 H.
3666 1425 3849 1500 Boe-

1071 1539 1268 1612 thius
1301 1541 1425 1613 lib.
1461 1557 1648 1612 xm.
1686 1541 1882 1614 Hist.
1917 1539 2110 1614 Seot.
2143 1563 2310 1638 pag.
2346 1557 2771 1614 chxxxv·
2816 1549 2865 1586 ‘⁸
2896 1541 3191 1614 necessit
3220 1541 3315 1614 ad
3346 1563 3512 1614 eum
3546 1543 3663 1614 vir
3692 1541 3849 1634 qui·

1075 1653 1244 1727 dam
1296 1655 1494 1727 haud
1549 1655 1850 1752 ignobili
1897 1675 2156 1751 genere
2203 1665 2441 1741 natus,
2500 1666 2843 1730 montana
2900 1655 3183 1730 Scotino
3236 1655 3675 1742 inhabitans,
3721 1657 3847 1750 qui

1071 1779 1478 1848 contextam
1509 1793 1556 1842 a
1585 1793 1664 1842 se
1693 1771 2180 1866 genealogiam
2212 1793 2469 1867 regum
2499 1770 2779 1844 Scotiae
2808 1771 3156 1854 omnium,
3190 1771 3283 1844 ad
3322 1779 3693 1865 par-entem
3734 1791 3849 1846 us-

1073 1906 1214 1978 que
1244 1885 1496 1980 gentis·
1515 1883 1924 1966 Gathelum.
1955 1885 2373 1958 memoriter
2402 1887 2778 1971 recitavit3
2824 1905 3041 1980 quem
3086 1905 3216 1960 rex
3250 1887 3689 1980 amplissime
3730 1885 3851 1958 do-

1067 2009 1320 2072 natum
1356 2021 1446 2072 ex
1475 1998 1772 2072 consilio
1801 1998 2363 2094 gubernatorum
2389 2000 2683 2074 domum
2708 2001 3049 2074 dimisit-’⁹
3078 2083 3085 2091 ,
3128 1998 3503 2096 Anonymi
3526 2023 3699 2096 ergo
3718 2001 3853 2072 hu-

1061 2114 1188 2207 jus
1219 2114 1568 2206 scriptum
1599 2123 1778 2197 erat,

1367 2227 1802 2324 Genealogia
1833 2227 2118 2324 Regum
2153 2229 2477 2303 omnium
2510 2228 2811 2315 Seotise,
2856 2237 3051 2302 retro
3096 2227 3191 2300 ad
3232 2225 3645 2312 Gathelum,
3690 2223 3852 2300 Soo-

1461 2350 1578 2414 tae
1611 2342 2009 2414 Pharaonis
2041 2341 2230 2416 filiae
2262 2345 2627 2429 maritum,
3044 2342 3171 2416 lib.
3208 2359 3265 2414 1.

1174 2455 1488 2530 Vivebat
1517 2457 1637 2529 hic
1667 2479 1858 2530 anno
1891 2473 2333 2532 Mechxx.

1841 2689 1993 2764 AN
1992 2689 2132 2763 ΟΝ
2135 2689 2423 2766 YMUS
2470 2691 2841 2767 POETA,
2944 2697 3067 2772 87.

1077 2919 1538 2993 Enmnnus
1595 2943 1688 2994 ex
1736 2920 2030 3018 Anglia,
2081 2922 2200 2994 cui
2250 2943 2297 2992 a
2342 2921 2617 3018 Longis
2680 2920 2917 2995 Tibiis
2978 2927 3535 3016 cognomentum
3592 2917 3853 3012 posteri

1076 3049 1520 3128 aeceperunt,
1569 3036 1818 3108 hostili
1867 3038 2109 3108 animo
2155 3037 2525 3132 ingressus
2574 3037 2913 3122 Scofiam,
2964 3035 3491 3110 Carmelitanae
3536 3031 3847 3105 familiae

1075 3152 1430 3244 quendam
1463 3152 1889 3224 monachum
1925 3175 2166 3224 secum
2200 3153 2525 3236 adduxit,
2556 3151 2685 3246 qui
2718 3152 3194 3226 consu-ibent

1369 3265 1942 3340 Destruetionem
1976 3266 2257 3338 Scotiae
3038 3267 3163 3339 lib.
3202 3283 3259 3336 1.

1367 3380 1770 3460 Victoriam
1797 3381 2207 3476 Anglorum
3045 3382 3170 3454 lib.
3208 3397 3265 3452 1.

873 3499 882 3508 '
951 3457 964 3470 θ
1075 3499 1184 3572 At
1237 3519 1404 3572 cum
1455 3497 1546 3569 ad
1607 3496 2090 3570 Bannocburn
2147 3518 2192 3567 a
2251 3495 2569 3570 Roberto
2626 3495 2895 3568 Brusio
2944 3495 3225 3568 Scotiae
3282 3517 3453 3591 rege
3501 3511 3577 3566 ι..
3626 3494 3853 3566 millia

1075 3614 1482 3710 Anglorum
1528 3633 1752 3695 caesa,
1801 3619 1878 3683 et
1927 3628 2051 3682 cc.
2101 3611 2379 3704 equites
2427 3612 2665 3682 aurati
2712 3611 3085 3702 perempti,
3134 3621 3209 3682 et
3256 3610 3647 3682 secundum
3696 3629 3851 3680 eam

1075 3731 1344 3802 cladem
1387 3728 1652 3822 exigua
1693 3725 1959 3818 scapha
2005 3748 2135 3799 rex
2181 3724 2573 3797 Eduardus
2620 3723 2964 3819 Angliam
3012 3724 3439 3817 repetiisset,
3486 3723 3682 3794 idem
3730 3721 3849 3793 ille

1076 3843 1624 3926 cai-melitanae,
1651 3841 1866 3935 jussu
1899 3839 2227 3924 nahmi,
2258 3841 2449 3932 stylo
2480 3859 2823 3912 converso
2867 3840 3273 3930 posteritati
3318 3837 3661 3931 prodidit,
3705 3836 3859 3910 bar·

1077 3959 1250 4030 baro
1281 3957 1570 4048 quidem
1603 3957 1750 4040 illo,
1792 3955 1916 4026 sed
1947 3954 2056 4024 illi
2089 3955 2327 4026 seculo
2356 3951 2909 4046 haudquaquam
2944 3953 3483 4038 contemnendo,

1369 4070 1745 4142 Scotorum
1781 4067 2178 4140 Victoriam
3052 4067 3179 4140 lib.
3214 4085 3269 4138 1.

1177 4185 1398 4256 Hune
1426 4181 1654 4279 Angli
1685 4183 1952 4256 illustri
1983 4184 2140 4254 loeo
2179 4191 2431 4254 natum
2479 4203 2701 4274 prope
2748 4179 3297 4278 Notingamiam
3338 4172 3570 4267 aiunt,
3618 4191 3693 4254 et
3734 4203 3857 4254 no-

1079 4323 1246 4376 men
1270 4300 1336 4371 ei
1360 4299 1584 4370 fuisse
1607 4297 2004 4371 Robertum
2029 4295 2513 4384 Bastonium,
2490 4319 2509 4338 ·
2548 4298 2867 4370 coenobii
2894 4296 3445 4394 Sem-burgensis
3477 4298 3695 4370 etiam
3719 4297 3860 4388 pri-

1081 4438 1278 4491 orem
1325 4413 1626 4485 faciunt.
1726 4413 1936 4486 Hanc
1983 4411 2309 4506 fugiente
2356 4409 2763 4509 Anglorum
2810 4435 2981 4510 rege
3028 4411 3377 4484 Eduardo
3408 4413 3679 4484 cladem
3708 4411 3861 4488 An-

1081 4535 1240 4629 glos
1273 4527 1644 4620 accepisse,
1675 4549 1820 4600 non
1853 4528 2066 4599 modo
2097 4526 2149 4597 J
2147 4547 2415 4598 oannes
2448 4525 2925 4610 Balendenus,
2956 4536 3031 4599 et
3059 4525 3112 4597 J
3112 4549 3379 4603 oannes
3406 4525 3671 4622 Major,
3696 4525 3861 4600 Soo-

1083 4647 1282 4738 tique
1331 4643 1454 4714 alii
1500 4643 1578 4714 in
1623 4641 1998 4715 annalibus
2041 4641 2195 4714 suis
2238 4641 2587 4724 scribunt,
2634 4641 2759 4711 sed
2806 4649 2881 4713 et
2930 4619 3253 4713 Thomas
3300 4642 3391 4713 de
3436 4643 3509 4712 la
3540 4639 3807 4712 Moor
3784 4661 3863 4712 ιιι

1081 4759 1426 4834 Eduardo
1459 4755 1561 4830 11.
1593 4759 1830 4855 gentis
1861 4779 2034 4830 suae
2063 4765 2381 4852 stragem
2414 4755 2756 4848 loquitur.
2860 4755 3091 4830 Porro
3132 4754 3433 4830 Roberti
3464 4755 3677 4848 plura
3706 4775 3865 4848 ope-
