4384 5817
1357 501 1714 572 GENTIS
1761 501 2323 582 SCOTORUM,
2372 502 2553 572 LIB.
2596 503 2715 570 1v.
3297 505 3427 570 235

613 705 794 782 etus,
821 698 948 769 sed
981 697 1184 789 prius
1210 691 1670 768 Abel-doniae
1694 695 2076 789 professor.
2162 693 2471 789 Scripsit
2494 695 2905 792 diligenter,
2942 702 3018 766 et
3041 693 3417 778 laboriose,

916 811 1318 883 Historiam
1353 808 1712 903 Equitum
1750 808 2580 907 Hierosolymitanorum
2879 811 3005 884 lib.
3044 829 3135 882 11.

709 928 1000 1000 Claruit
1033 948 1225 999 anno
1261 943 1541 998 Mnxx.

1162 1156 1808 1232 GUILIELMUS
1856 1112 2579 1234 DEMPSTERUS.
2684 1159 2857 1234 426.

610 1395 1152 1466 GUILIELMUS
1236 1392 1710 1487 Dempsterus
1795 1403 1962 1466 ante
2049 1411 2222 1465 cce.
2308 1417 2535 1467 annos
2618 1395 2957 1468 Lutetiae
3041 1395 3420 1488 profiteba-

609 1522 756 1584 tur.
893 1509 1084 1582 Erat
1153 1518 1396 1582 autem
1463 1533 1554 1582 ex
1591 1515 1606 1526 “
1620 1509 1898 1581 familia
1962 1509 2416 1595 Curestonia,
2484 1513 2601 1607 cuj
2608 1535 2695 1584 us
2763 1511 3117 1583 claritudo
3200 1513 3420 1585 altius

610 1636 720 1698 est
751 1627 1142 1719 repetenda
1180 1647 1270 1697 ex
1311 1625 1690 1697 annalibus
1737 1624 2058 1710 Scotieis,
2110 1636 2184 1697 et
2233 1637 2523 1699 nostrae
2557 1627 2875 1699 familiae
2908 1629 3112 1701 actiS.
3210 1625 3421 1699 Circa

609 1765 880 1814 annum
951 1759 1198 1814 MLxl.
1271 1741 1700 1813 Maleolmus
1769 1741 2112 1814 Canmoir
2178 1739 2322 1813 111.
2391 1764 2521 1814 rex
2586 1742 2819 1814 filium
2885 1746 3187 1818 sustulit
3254 1766 3419 1837 pro-

607 1859 882 1932 miscuo
931 1869 1092 1931 toro
1154 1857 1501 1931 Alanum.
1623 1857 1700 1930 Is
1750 1857 2211 1930 rebellantem
2263 1856 2775 1954 Loguhabriae
2830 1860 3162 1947 thanum,
3214 1885 3260 1934 a
3306 1863 3418 1932 re-

606 1998 696 2070 ge
729 1976 1018 2060 missus,
1065 1975 1216 2047 acie
1248 1974 1548 2060 victum,
1596 1998 1687 2047 ne
1736 1975 2046 2070 maj0res
2097 1983 2338 2046 motus
2390 1976 2778 2061 orirentur,
2830 1979 3063 2069 capite
3114 1979 3419 2049 muleta-

607 2092 738 2176 vit,
797 2093 1050 2163 erectis
1098 2091 1488 2185 trophaeis,
1548 2092 1964 2188 ingentibus
2021 2090 2239 2173 saxiS,
2297 2113 2483 2183 quae
2543 2093 2943 2164 etiamnum
2999 2094 3215 2166 hodie
3269 2115 3419 2165 non

604 2208 816 2303 longe
848 2207 1210 2280 Breehino
1243 2208 1604 2280 visuntur.
1708 2207 1870 2280 Rex
1900 2205 2225 2278 Alanum
2248 2207 2583 2302 justitiae
2619 2231 2787 2280 ense
2829 2210 3151 2295 donavit,
3206 2233 3287 2282 ae
3322 2231 3415 2279 ne

606 2325 756 2396 ulla
815 2333 970 2397 toto
1028 2325 1107 2395 in
1165 2347 1388 2420 regno
1448 2326 1537 2396 de
1595 2326 1828 2417 capite
1887 2323 2249 2396 sententia
2310 2324 2465 2394 sine
2525 2324 2755 2417 ipsius
2817 2334 2946 2397 aut
3005 2326 3413 2418 praesentia

607 2448 737 2511 aut
785 2441 1232 2536 delegatione
1275 2441 1609 2525 ferretur,
1659 2441 1892 2511 edicto
1941 2440 2170 2525 eavit3
2225 2461 2531 2533 eumque
2565 2440 3055 2526 Domsterum,
3102 2442 3239 2513 hoc
3284 2453 3416 2525 est,

604 2555 960 2641 Judieem,
1023 2580 1108 2628 ea
1161 2558 1250 2628 de
1300 2579 1516 2629 causa
1563 2557 1948 2649 posteritas
1999 2556 2332 2641 vocavit3
2384 2552 2633 2629 Dome
2680 2558 2874 2629 enim
2926 2560 3253 2651 capitalis
3308 2567 3418 2630 est

602 2674 982 2758 sententia,
1051 2696 1235 2768 quae
1295 2673 1432 2745 hac
1508 2673 1822 2744 formula
1888 2671 2303 2744 ferebatur:
2372 2673 2685 2766 lapidem
2769 2675 2960 2746 tollit
3037 2675 3417 2772 magistra-

603 2797 746 2872 tus,
796 2790 1307 2884 signatumque
1353 2791 1729 2883 quaerenti
1780 2789 2027 2873 tradit,
2078 2789 2205 2859 illo
2255 2789 2751 2862 adversarium
2802 2800 2877 2862 et
2924 2799 3143 2863 testes
3196 2792 3415 2873 eitat3

601 2906 664 2975 si
706 2904 884 2997 quid
929 2906 1372 3001 ambiguum,
1425 2916 1499 2978 et
1542 2906 1839 3001 majoris
1882 2905 2253 2988 momenti,
2304 2904 2397 2976 ad
2432 2921 2587 2976 ΧΠ.
2636 2895 2827 2999 quos'
2868 2905 3126 2979 Claves
3177 2909 3417 3000 appel-

599 3021 779 3107 lant,
827 3020 1160 3107 refertur,
1203 3032 1420 3117 atque
1465 3024 1572 3096 ita
1615 3023 1770 3094 sine
1821 3021 2112 3115 scriptis
2163 3033 2294 3096 aut
2341 3023 2688 3116 impensis
2738 3026 2903 3096 lites
2954 3025 3199 3096 dirimi
3249 3025 3418 3096 soli-

600 3146 738 3210 tae.
868 3136 992 3209 Ex
1050 3137 1338 3212 Davide
1395 3142 1655 3234 longus
1717 3139 1892 3212 ordo
1952 3161 2166 3234 agros
2234 3140 2426 3212 inter
2488 3137 2718 3212 Escas
2769 3162 3016 3212 omnes
3064 3140 3407 3232 possedit,

598 3274 779 3346 quos
813 3253 1028 3325 hodie
1076 3253 1496 3326 Crafordiae
1547 3255 1871 3327 Lindesii
1909 3279 1954 3326 a
1987 3257 2130 3350 maj
2139 3257 2385 3328 oribus
2436 3258 2703 3328 nostris
2754 3265 3037 3350 emptos
3088 3256 3403 3340 habent;

599 3378 672 3440 et
719 3369 1166 3462 Dempsteri,
1225 3393 1356 3464 per
1403 3380 1634 3442 totam
1701 3393 1778 3442 se
1837 3368 2150 3442 Scotiam
2212 3371 2719 3456 diffundentes,
2780 3374 3020 3445 varias
3080 3394 3276 3444 arces
3332 3395 3415 3444 ac

597 3487 852 3558 titulos
903 3486 1418 3559 obtinuerunt:
1476 3487 1556 3558 in
1610 3485 2040 3558 Hiberniam
2095 3487 2339 3572 etiam,
2412 3496 2485 3560 et
2544 3486 2915 3584 Angliam,
2969 3490 3410 3582 Monamque

598 3603 910 3675 insulam
987 3605 1451 3700 trajicientes,
1546 3603 1993 3674 domicilium
2078 3626 2160 3674 ac
2245 3606 2487 3676 sedem
2568 3603 3027 3676 fortunarum
3112 3627 3410 3677 suarum

595 3717 936 3793 fixerunt.
1039 3719 1237 3792 Guil.
1319 3720 1730 3792 camdenus
1808 3720 1886 3790 in
1970 3717 2239 3790 Monae
2321 3720 2609 3792 Insulae
2694 3720 3173 3812 descriptione
3238 3743 3407 3816 pag.

594 3851 964 3907 Dccxxv.
1069 3837 1222 3909 Cur
1289 3845 1530 3908 autem
1599 3835 2013 3927 Dempsteri
2082 3836 2174 3907 ab
2240 3835 2597 3931 Angusia,
2666 3837 2795 3907 ubi
2862 3838 3097 3928 prima
3180 3839 3409 3909 veluti

592 3950 1030 4026 incunabula
1079 3975 1326 4026 rerum
1381 3974 1676 4024 suarum
1730 3950 2020 4023 fuerant
2071 3952 2335 4035 sortiti,
2387 3953 2529 4023 alio
2578 3952 3021 4035 transierint,
3073 3953 3249 4025 haec
3298 3977 3410 4026 ra-

565 4065 700 4139 ·tio
746 4077 899 4141 est:
951 4071 1215 4162 puella,
1259 4091 1688 4164 magnarum
1728 4090 1944 4161 opum
1981 4067 2232 4138 haeres
2266 4067 2793 4139 Aehterlessiae
2828 4068 3117 4140 baronis
3153 4069 3404 4154 Sibeti,

593 4185 812 4254 unica
867 4183 917 4254 J
919 4185 1174 4256 oannis
1230 4184 1646 4276 Dempsteri
1717 4184 2146 4255 fortitudine
2206 4207 2251 4254 a
2300 4192 2634 4276 tyranno,
2684 4185 2812 4277 qui
2864 4207 3023 4256 eam
3073 4208 3203 4278 per
3254 4185 3405 4256 vim

594 4297 988 4384 detinebat,
1023 4301 1348 4382 liberata,
1399 4300 1628 4370 eidem
1678 4301 2018 4371 assertori
2067 4323 2201 4373 suo
2252 4300 2615 4392 denupsit,
2668 4303 2795 4394 qui
2845 4311 3211 4394 raptorem
3262 4302 3410 4373 vir-

592 4415 784 4508 ginis
839 4416 1078 4488 duello
1137 4414 1522 4498 interfecit,
1573 4429 1647 4488 et
1691 4417 2051 4511 gentilitio
2097 4417 2698 4508 Dempsterorum
2748 4418 2940 4488 leoni
2990 4440 3231 4489 ensem
3284 4419 3408 4490 ad-

591 4531 802 4614 didit,
838 4531 1154 4603 familiae
1204 4541 1575 4627 gestamen
1627 4533 1958 4622 deinceps
2009 4531 2366 4616 futurum,
2422 4533 2630 4626 cujus
2681 4534 2823 4618 ille,
2879 4535 3103 4605 veluti
3158 4557 3407 4606 seeun-

591 4647 724 4716 dus
780 4648 1128 4730 conditor,
1179 4647 1876 4718 administrationem
1929 4647 2347 4720 Buehaniae
2406 4659 2479 4720 et
2533 4648 2830 4721 Banfiae
2890 4673 3172 4721 summo
3226 4650 3406 4721 titu-

587 4761 660 4834 lo
713 4763 789 4832 in
840 4763 1134 4836 domum
1185 4785 1392 4834 suam
1444 4764 1719 4847 intulit,
1771 4785 1988 4856 quam
2052 4775 2126 4836 et
2187 4787 2369 4838 avus
2430 4788 2631 4838 meus
2694 4765 3010 4839 Joannes
3071 4777 3142 4837 et
3198 4775 3405 4858 pater
