4384 5817
1228 590 1587 660 GEN'rls
1635 564 2194 671 sco‘ron'UM,
2245 587 2428 659 ΜΒ.
2483 588 2558 655 v.
2777 574 2794 587 ·
3155 586 3294 651 255.

775 779 885 855 De
920 782 1361 875 Corporibus
1397 782 1631 873 planis
2371 782 2496 853 lib.
2537 800 2588 852 1.

772 898 1325 993 Disputationes
1360 898 1450 967 de
1484 896 1702 968 Coelo
2373 898 2497 968 lib.
2537 914 2590 966 1.

574 1015 859 1087 Claruit
889 1038 1083 1086 anno
1123 1031 1431 1084 Mcccx.
1479 1012 1661 1085 obiit
1695 1012 2077 1085 Ambianis
2111 1014 2572 1085 ecclesiastes·
2677 1012 3046 1094 Quaedam
3082 1012 3276 1083 illius

472 1132 918 1223 prodierunt.
1618 1126 1621 1131 ’

1317 1332 1391 1405 S.
1437 1326 2153 1403 EDILWALDUS.
2258 1325 2427 1408 469.

476 1488 524 1521 “
546 1478 622 1548 S.
652 1478 1248 1565 EDILWALDUS,
1283 1469 1669 1577 religiosus
1696 1478 2092 1572 presbyter,
2130 1478 2462 1550 minister
2495 1480 2636 1551 viri
2662 1479 2801 1551 Dei
2829 1478 3273 1562 cuthberti,”

473 1603 562 1665 ut
594 1593 815 1665 refert
848 1596 925 1665 in
958 1594 1137 1666 Vita
1169 1597 1363 1669 illius
1399 1598 1604 1669 Beda
1634 1618 1789 1688 cap.
1827 1612 2035 1665 xxx.
2088 1595 2283 1687 apud
2333 1592 2630 1666 Surium
2671 1604 2845 1667 tom.
2885 1616 2974 1668 11.
3026 1608 3277 1688 postea

474 1732 648 1781 vero
681 1710 899 1781 abbas
935 1710 1452 1785 Mailrosensis.
1524 1712 1711 1783 Erat
1735 1712 1871 1782 hoc
1896 1710 2413 1782 monasterium
2446 1712 2524 1781 in
2557 1734 2736 1807 agro
2769 1712 3170 1795 Scotorum,
3194 1722 3280 1783 ut

475 1848 689 1919 saepe
718 1828 857 1897 hoc
888 1848 1099 1919 opere
1144 1830 1509 1913 admonui,
1552 1828 2017 1900 seminarium
2050 1824 2179 1897 SS.
2216 1826 2541 1905 virorum
2573 1826 3119 1912 feracissimum,
3155 1830 3280 1899 sed

474 1942 607 2025 illi,
640 1944 832 2014 malo
865 1941 1145 2015 Scotiae
1190 1944 1365 2029 fato,
1411 1968 1545 2038 pro
1588 1944 1854 2039 Anglis
1900 1943 1992 2014 ab
2024 1943 2404 2034 imperitiS,
2453 1944 2813 2038 malignis,
2848 1953 2976 2015 aut
3009 1946 3274 2016 exteris

476 2061 947 2153 scriptoribus
994 2061 1250 2145 habiti,
1304 2085 1469 2134 cum
1514 2070 1761 2133 tamen
1804 2058 2224 2131 coenobium
2269 2058 2451 2129 illud
2495 2060 2714 2130 etiam
2762 2061 2974 2131 hodie
3017 2082 3278 2132 nomen

472 2177 783 2249 retineat
831 2179 909 2248 in
960 2159 1223 2263 Scotia,
1274 2189 1347 2251 et
1392 2202 1476 2251 eo
1520 2178 1757 2250 seculo
1807 2174 2001 2246 Scoti
2051 2196 2300 2245 omnes
2351 2173 2652 2245 vicinias
2701 2176 3142 2260 erudiebant,
3193 2187 3280 2248 ut

474 2314 687 2384 saepe
719 2294 853 2364 hoc
884 2316 1098 2386 opere
1128 2295 1537 2387 probatum,
1570 2315 1703 2364 nec
1732 2289 2015 2385 Angkos
2047 2290 2201 2359 ulla
2231 2290 2508 2362 ratione
2532 2290 2612 2359 in
2637 2289 2952 2363 Scotiam
2979 2292 3280 2388 migras-

474 2430 573 2477 se.
693 2406 1165 2480 Postmodum
1233 2409 1740 2482 Lindisfarnae
1792 2406 2388 2499 archiepiscopus,
2463 2406 2755 2480 sedebat
2825 2406 3276 2481 Edilwaldus

480 2537 729 2596 noster
760 2525 933 2595 dum
970 2524 1175 2598 Beda
1205 2527 1581 2610 scribebat,
1606 2534 1692 2596 'et
1723 2508 2011 2615 scripsit

776 2640 890 2713 De
923 2639 1133 2715 Actis
1169 2641 1244 2714 S.
1281 2630 1669 2714 Cuthberti
2365 2637 2488 2710 lib.
2528 2657 2583 2709 1.

772 2757 887 2828 De
920 2756 1376 2830 Successione
1408 2755 1783 2828 Abbatum
1814 2756 1895 2827 in
1928 2754 2232 2827 Mailros
2365 2754 2490 2827 lib.
2529 2774 2584 2825 1.
2681 2754 3022 2829 Meminit
3054 2758 3279 2831 Beda.

562 2871 851 2945 Floruit
870 2894 1059 2945 anno
1081 2892 1238 2946 Dcc
1252 2890 1454 2945 an.
1477 2881 1608 2944 aut
1620 2871 2378 2944 westmonasteriensi
2397 2872 2462 2943 si
2484 2872 2730 2945 credas
2748 2890 3282 2946 Dccxxxvln.

479 2986 838 3060 Trithem.
874 2988 1000 3061 lib.
1039 3008 1150 3061 lv.
1187 2987 1347 3062 Vir.
1387 2988 1487 3061 ill.
1522 3010 1677 3081 cap.
1716 3006 2071 3060 chxm.

1394 3217 2009 3293 EUSTATHIU
2006 3218 2081 3291 S.
2184 3224 2355 3298 4¹70.

480 3451 1019 3525 EUSTATHIUS
1052 3454 1271 3527 abbas
1303 3451 1935 3537 Aberbrothensis,
1970 3452 2218 3545 paucis
2251 3452 2528 3525 clericis
2557 3456 2864 3537 asseclis,
2899 3456 3286 3528 comitante

479 3566 777 3641 Udardo
802 3570 1133 3663 episcopo
1160 3568 1655 3657 Brechinensi,
1691 3577 1737 3610 ‘⁶
1762 3576 1991 3641 totam
2016 3567 2329 3641 Scotiam
2357 3570 2572 3662 pedes
2596 3571 2958 3655 lustravit,
2986 3571 3286 3644 verbum

480 3683 781 3755 Domini
838 3686 1263 3770 seminans,”
1333 3685 1439 3757 ait
1506 3683 1609 3755 H.
1672 3684 2025 3756 Boethius
2083 3686 2208 3757 lib.
2272 3703 2460 3757 x111.
2525 3685 2805 3759 Histor.
2869 3686 3060 3760 Scot.
3121 3708 3285 3783 pag.

485 3812 893 3869 chxx1x.
996 3797 1303 3891 Scripsit

787 3911 1036 3986 Vitam
1071 3914 1377 3987 Davidis
1412 3912 1637 4010 Regis
2377 3918 2503 3991 lib.
2541 3937 2596 3991 1.

778 4030 1033 4103 Vitam
1069 4028 1449 4100 Wilhelmi
1483 4028 1707 4126 Regis
1880 4026 1889 4037 ’
2373 4034 2498 4107 lib.
2536 4054 2591 4105 1.

784 4144 1279 4217 Homiliarum
1313 4145 1598 4241 insigne
1630 4167 1811 4238 opus
2375 4150 2502 4223 lib.
2541 4170 2594 4221 1.

780 4259 874 4331 In
906 4260 1397 4356 Evangelium
1431 4260 1675 4333 Lucae
2373 4266 2496 4339 lib.
2537 4286 2589 4338 1.

582 4376 873 4449 Floruit
903 4398 1095 4450 anno
1130 4394 1480 4449 mccxw.

1418 4578 1495 4651 S.
1546 4576 2075 4652 EUSEBIUS.
2181 4586 2354 4661 471.

480 4724 557 4798 S.
632 4724 1044 4799 Eusnsrus
1126 4726 1520 4800 monachus
1604 4750 1691 4801 ea
1726 4694 2196 4822 'tempestate
2289 4734 2370 4804 in
2443 4730 2686 4807 Scotia
2761 4736 3140 4809 sanctitate
3213 4747 3288 4810 et

478 4840 809 4915 doctrina
883 4843 1221 4935 pollebat,
1296 4866 1443 4935 qua
1508 4840 1583 4915 S.
1653 4842 1992 4917 Andreae
2067 4850 2374 4942 apostoli
2443 4849 2814 4923 brachium
2891 4874 3056 4924 cum
3131 4853 3290 4925 aliis

1774 4965 1823 5031 2
1860 4980 1911 5031 1.
