4384 5817
856 574 989 641 326
1646 578 2116 649 HISTORIA
2160 577 2914 658 ECCLESIASTICA
2973 648 2981 660 .

865 765 1259 868 Christum
1304 777 1581 855 natum,
1650 792 1935 844 summa
1990 771 2369 866 majestate
2427 771 2791 864 perduxit,
2845 771 2961 845 uti
3021 774 3409 846 meminere
3459 773 3512 848 J
3511 799 3672 850 oan.

866 882 1225 968 Trithem.
1265 883 1450 958 sixt.
1488 886 1899 1010 Senens3in
1931 887 2385 960 Bibliotheca
2419 887 2704 972 Sancta,
2731 897 2806 960 et
2829 887 3066 961 Lilius
3101 889 3466 986 Gyraldus
3503 891 3678 963 Fer-

865 1001 1207 1072 rariensis
1240 1001 1365 1073 lib.
1406 1019 1481 1074 v,
1520 1003 1609 1076 de
1644 1002 1889 1076 Poetis
1923 1002 2234 1088 Latinis,
2267 1003 2436 1076 licet
2467 1012 2681 1098 gente
2715 1025 2864 1076 non
2907 1027 3268 1098 expressa.
3371 1005 3676 1100 Scripsit

1159 1113 1702 1212 Allegoriarum
1736 1141 1980 1192 sacrae
2015 1117 2434 1210 scripturae
2764 1118 2892 1192 lib.
2929 1137 2984 1192 1.

1166 1233 1244 1304 H
1248 1236 1659 1310 omiliarum
1960 1299 1971 1308 .
2757 1235 2886 1307 lib.
2923 1255 2976 1308 1.

1163 1349 1663 1445 Epistularum
2765 1350 2892 1426 lib.
2927 1367 3003 1421 v,

1164 1465 1591 1540 Poematum
1625 1466 2057 1541 Latinorum
2091 1468 2460 1540 variorum
2755 1466 2880 1540 lib.
2920 1485 2972 1538 1.

968 1583 1133 1667 Qua
1166 1593 1401 1658 aetate
1436 1586 1726 1670 vixerit,
1760 1587 2163 1658 incertum:
2209 1591 2424 1677 putat
2455 1580 2708 1656 Sixtus
2753 1579 3091 1656 Senensis
3123 1579 3450 1656 floruisse
3483 1605 3674 1656 anno

868 1718 943 1771 D.
981 1700 1118 1773 sub
1150 1699 1563 1774 Anastasio.

1816 1895 2446 1974 GUILLAMUS.
2551 1895 2723 1980 609.
2765 1919 2771 1927 ·

868 2051 1027 2124 th
1040 2051 1425 2138 LLAMU8,'
1456 2074 1735 2125 carcere
1774 2050 2185 2143 mancipato
2233 2047 2518 2123 Davide
2565 2047 2871 2132 Betono,
2921 2046 2998 2121 S.
3047 2045 3388 2122 Andreae
3435 2049 3670 2122 archi·

866 2171 1222 2264 episcope,
1250 2169 1321 2242 S.
1354 2170 1449 2242 R.
1479 2169 1573 2242 E.
1602 2169 1985 2250 cardinale,
2012 2189 2057 2238 a
2075 2163 2394 2238 factiosis
2426 2165 2863 2258 proceribus,
2899 2173 2976 2237 et
2999 2165 3262 2238 comite
3284 2164 3665 2251 Arraniae‚

866 2287 1071 2382 regni
1108 2287 1613 2382 gubernatore,
1665 2307 1795 2358 seu
1828 2289 2106 2377 sponte,
2156 2303 2286 2354 seu
2333 2281 2633 2366 invitus,
2683 2280 2881 2376 quod
2925 2281 3172 2374 potius
3222 2281 3668 2366 crediderim,

866 2403 1180 2474 vicarius
1215 2401 1529 2476 Romani
1564 2399 1922 2495 pontificis
1955 2421 2085 2492 per
2134 2397 2555 2471 universum
2605 2419 2912 2494 regnum
2963 2396 3246 2470 Scotiae
3294 2399 3670 2471 renuncia-

864 2530 1008 2603 tus,
1054 2530 1347 2613 sumpta
1392 2519 1792 2612 Apostolici
1839 2513 2099 2612 Legati
2132 2537 2460 2607 persona,
2493 2503 2958 2586 concionibus
2989 2513 3469 2586 acerbissimis
3501 2515 3664 2607 plu-

866 2639 1136 2709 rimum
1186 2638 1295 2708 rei
1343 2635 1801 2708 Christianae
1849 2631 2177 2704 nocuisse
2227 2629 2671 2704 censebatur.
2780 2627 2832 2698 J
2831 2651 2994 2703 oan.
3041 2629 3384 2702 Leslaeus
3417 2629 3542 2702 lib.
3583 2649 3663 2702 x.

862 2775 1027 2847 pag.
1066 2770 1375 2824 CDva.
1477 2749 1781 2843 Scripsit

1162 2867 1541 2945 Sermones
1574 2867 1663 2938 ad
1701 2865 2043 2938 Proceres
2078 2873 2151 2937 et
2186 2861 2481 2938 Plebem
2663 2862 2790 2935 lib.
2825 2881 2880 2934 1.

1160 2985 1471 3058 Decreta
1500 2981 2007 3055 Ecclesiastico
2659 2977 2785 3053 lib.
2822 2995 2879 3048 1.
2957 2998 3004 3050 a
3058 2976 3324 3070 quibus
3383 2979 3536 3050 vim
3594 2989 3670 3052 et

1266 3100 1491 3174 robur
1521 3099 1859 3198 haeresis,
1893 3096 2280 3191 perniciem
2316 3093 2490 3168 fides
2530 3093 2905 3169 Catholica
2945 3093 3265 3186 accepim
3317 3094 3472 3166 sive
3515 3094 3670 3188 ipse

1260 3219 1367 3288 ita
1399 3217 1655 3301 voluit,
1689 3237 1819 3288 seu
1852 3212 2139 3287 sectarii
2171 3213 2252 3284 id
2283 3213 2390 3284 illi
2423 3213 2946 3304 imposuerunt,
2968 3230 3064 3280 ne
3094 3207 3479 3302 quicquam
3513 3211 3668 3282 sine

1262 3332 1692 3405 auctoritate
1748 3333 2099 3404 innovare
2147 3329 2591 3412 viderentur,
2641 3349 2726 3400 eo
2774 3335 3020 3400 tamen
3069 3325 3368 3398 vulnere
3415 3325 3666 3398 lethali

1260 3450 1519 3545 religio
1550 3448 1745 3542 apud
1778 3454 2140 3519 nostrates
2172 3441 2440 3516 afflicta
2479 3463 2856 3536 nunquam
2899 3443 3138 3513 denuo
3181 3441 3574 3527 convaluit,
3623 3467 3670 3514 o

1260 3567 1621 3662 majorum
1690 3563 1923 3656 pietas
1954 3561 1970 3632 !
2053 3558 2147 3632 Id
2213 3567 2456 3632 actum
2529 3556 2980 3652 inauspicato
3043 3566 3121 3629 et
3191 3555 3482 3630 funesto
3548 3559 3665 3629 die

1267 3700 1543 3757 xxvn.
1580 3677 1961 3752 Februarii
1993 3698 2185 3749 anno
2223 3689 2600 3746 Mnxmn.

1162 3801 1277 3874 De
1308 3798 1571 3872 Bibliis
1604 3795 1993 3867 vernacula
2022 3791 2318 3888 Lingua
2353 3789 2702 3862 habendis
2987 3789 3114 3860 lib.
3153 3805 3206 3860 1.
3241 3787 3666 3862 damnatum

1261 3914 1556 3988 indubie
1590 3935 1795 4006 opus,
1829 3918 1903 3982 et
1934 3932 1981 3980 a
2010 3929 2156 4001 quo
2187 3905 2391 3980 fonte
2420 3905 2686 3978 mirum
2720 3913 3074 3999 quantum
3118 3905 3542 3978 incrementi
3587 3909 3668 3978 in

1254 4051 1500 4105 omnes
1533 4015 1859 4100 haereses
1890 4025 2322 4097 derivatum.

970 4150 1259 4223 Floruit
1290 4170 1481 4220 anno
1516 4159 1897 4216 MDme.
1946 4149 2033 4214 ut
2065 4139 2362 4225 monui3
2414 4158 2627 4230 quem
2672 4135 2946 4210 exitum
2981 4135 3215 4210 honor
3248 4135 3368 4208 ille
3401 4138 3668 4232 impor-

862 4282 1087 4342 tunus
1120 4266 1479 4347 habuerit,
1510 4284 1661 4335 non
1692 4260 1964 4333 inveni.

905 3860 921 3906 Ι

1728 4491 1818 4565 Β.
1872 4487 2534 4564 GOSCELINUS.
2636 4486 2807 4563 610.

860 4739 951 4812 Β.
1040 4735 1596 4813 GoscELINUS,
1703 4724 2113 4812 Gocelinus,
2221 4721 2274 4794 J
2273 4722 2610 4805 ocelinus,
2707 4719 3164 4794 Glascuensis
3267 4720 3662 4812 episcopuS,

859 4881 905 4928 a
1002 4851 1399 4926 Wilhelmo
1498 4868 1668 4944 rege
1768 4841 2081 4918 Romam
2180 4847 2430 4916 orator
2519 4836 2807 4924 missus,
2907 4831 3664 4910 excommunicationis
