4384 5817
1062 513 1194 580 186
1835 509 2307 580 HISTORIA
2352 507 3107 580 ECCLESIASTICA

1713 731 2271 806 ROBERTUS
2322 729 2881 806 C'REIITHIU
2880 730 2955 804 S
3059 733 3233 810 827

1077 937 1524 1008 Romanum
1557 931 1976 1018 Creiithius,
2000 929 2188 1003 forte
2222 930 2559 1016 Kethius,
2590 929 2688 1002 D.
2716 928 3083 1002 Francisci
3116 929 3447 1002 habitum
3472 929 3731 1018 induit,
3758 958 3863 1007 or·

1071 1052 1404 1144 diuisque
1437 1049 1552 1122 sui
1585 1056 2087 1120 ornamentum
2121 1047 2427 1119 eruditis
2461 1054 2535 1117 et
2574 1047 2715 1138 piis
2759 1044 3039 1117 artibus
3084 1045 3469 1138 quaesivit.
3572 1057 3619 1091 ‘⁶
3650 1049 3864 1122 Mini-

1071 1166 1410 1238 steriatus
1441 1186 1740 1236 munere
1772 1162 1882 1234 bis
1927 1161 2245 1246 fimctus,
2292 1164 2371 1233 in
2415 1183 2619 1234 sacra
2663 1161 3024 1256 theologia
3070 1161 3867 1249 consummatissimus,''

1071 1281 1178 1354 ait
1204 1279 1631 1352 Franciscus
1657 1277 2003 1374 Gonzaga
2019 1300 2094 1370 p.
2109 1294 2235 1350 111.
2262 1276 2499 1372 Relig.
2522 1275 2818 1372 Seraph.
2841 1276 3050 1372 Orig.
3071 1275 3341 1372 pagina
3359 1293 3865 1352 nccchvm.

1067 1395 1260 1494 Ejus
1291 1404 1424 1480 est,
1455 1397 1538 1466 in
1569 1393 1826 1490 Belgio
1859 1393 2074 1478 edita,

1365 1509 1771 1583 Harmonia
1799 1507 2375 1604 Evangeliorum
2966 1509 3089 1582 lib.
3126 1525 3181 1580 1.

1167 1626 1456 1701 Floruit
1486 1647 1678 1698 anno
1713 1639 2207 1712 Mccchvn,
2258 1622 2411 1694 dixi
2456 1621 2536 1696 in
2579 1625 2967 1719 Apparatu
3015 1623 3109 1696 ad
3158 1621 3441 1696 Histor-
3494 1621 3864 1698 Senticam.

1071 1743 1410 1838 Sepultus
1434 1742 1630 1838 jacet
1661 1739 1875 1834 Ipris.

2072 1937 2584 2012 CLEMENS.
2686 1944 2856 2014 828.

1071 2093 1484 2167 CLEnENs
1527 2089 1946 2174 monachus,
1993 2089 2389 2181 discipulus
2433 2097 2509 2161 et
2554 2089 3219 2186 peregrinationum
3262 2087 3340 2162 S.
3390 2088 3705 2162 Mariani
3752 2093 3873 2164 ab·

1070 2209 1260 2284 batis
1291 2210 1370 2281 in
1404 2205 1870 2280 Germaniam
1915 2203 2174 2287 socius,
2215 2203 2503 2276 fundati
2546 2205 2765 2278 etiam
2812 2207 3097 2278 noviter
3140 2204 3581 2278 Ratisbonae
3630 2229 3873 2281 mona-

1069 2325 1274 2399 sterii
1307 2326 1567 2408 incola,
1604 2330 1651 2366 ‘⁸
1669 2322 1788 2393 vir
1819 2319 2111 2394 doctus”
2145 2329 2447 2392 vocatur
2476 2343 2523 2392 a
2546 2319 2991 2418 Wolfgango
3022 2321 3248 2394 Lazio
3280 2321 3405 2394 lib.
3434 2337 3581 2394 vn.
3614 2323 3705 2394 de
3730 2323 3871 2394 Mi·-

1067 2442 1399 2540 gratione
1437 2437 1654 2511 Gent.
1687 2459 1854 2532 pag.
1891 2453 2200 2507 cccxn.
2299 2435 2626 2530 Scripsit,
2660 2445 2749 2510 ut
2778 2439 3017 2522 audio,
3051 2437 3131 2511 in
3166 2437 3589 2534 Hungarica
3620 2438 3871 2511 Budae

1070 2557 1510 2631 bibliotheca
1541 2559 1930 2636 asservata,
1965 2560 2037 2623 et
2069 2551 2266 2636 alibi,

1369 2669 1820 2743 collectanea
1851 2689 1942 2740 ex
1974 2665 2102 2738 SS.
2138 2666 2480 2740 Patribus
2958 2669 3085 2744 lib.
3125 2687 3179 2742 1.

1371 2785 1626 2858 Flores
1657 2783 2196 2877 Scripturarum
2959 2785 3086 2859 lib.
3124 2803 3178 2858 1.

1369 2901 1778 2974 chronicon
1815 2899 2243 2994 Hungariae
2956 2901 3083 2973 lib.
3123 2918 3177 2972 1.

1169 3018 1457 3092 Floruit
1494 3031 1856 3088 Mchm.
1961 3013 2167 3087 Obiit
2200 3014 2457 3086 Budae
2485 3035 2879 3106 procurans
2910 3015 3453 3090 monasterium.

2054 3243 2603 3318 CANDIDUS.
2707 3251 2877 3327 329.

1073 3485 1514 3557 CANmnus
1565 3479 2120 3554 Benedictinum
2171 3478 2605 3552 monachum
2652 3479 2735 3550 in
2790 3477 3037 3552 Scotia
3091 3481 3353 3566 induit,
3404 3493 3479 3556 et
3526 3483 3864 3561 Sanctum

1071 3602 1486 3676 Marianum
1518 3607 1805 3672 secutus
1840 3595 1920 3666 in
1953 3593 2417 3666 Germaniam
2450 3595 2675 3678 venit,
2706 3595 3174 3690 substititque
3207 3597 3669 3686 Ratisbonae,
3716 3623 3866 3676 coe-

1071 3717 1292 3792 nobio
1322 3737 1556 3808 nuper
1585 3713 1914 3784 fimdato.
2015 3709 2321 3803 Scripsit

1371 3829 1734 3902 Homilias
2960 3827 3085 3901 lib.
3121 3845 3177 3898 1.

1167 3946 1449 4022 claruit
1483 3967 1672 4017 anno
1707 3958 2070 4014 Mchm.
2178 3938 2599 4037 Wolfgang.
2635 3940 2903 4014 Lazius
2937 3942 3110 4015 ibid.

1759 4173 2365 4248 RICHARDUS
2394 4149 2893 4245 'conEm
2996 4179 3165 4248 340.

1073 4414 1568 4487 Rlenannus
1654 4406 1966 4489 Corveil,
2059 4404 2326 4478 decreti
2409 4404 2677 4488 doctor,
2778 4415 2853 4478 et
2944 4407 3485 4482 archidiaconus
3583 4408 3865 4485 Laudo-

1068 4533 1255 4615 niae,
1323 4551 1408 4600 eo
1473 4527 1632 4618 ipso
1701 4544 1890 4594 anno
1955 4543 2102 4614 quo
2167 4521 2260 4593 ad
2330 4519 2635 4592 Harlaw
2699 4543 2972 4618 pagum
3038 4545 3203 4596 cum
3280 4523 3514 4601 Scotis
3590 4537 3865 4599 monta..

1069 4647 1187 4718 nis
1269 4650 1567 4716 cruenta
1641 4638 1790 4710 acie
1869 4646 2274 4734 pugnatmn
2346 4644 2478 4720 est,
2560 4635 2887 4710 felicibus
2956 4639 3315 4730 auspiciis,
3400 4641 3679 4733 primus
3738 4643 3862 4737 jus

1071 4759 1516 4856 pontificium
1567 4756 1646 4828 in
1695 4753 2056 4826 academia
2115 4754 2355 4845 patria
2407 4750 2948 4826 Santandreana
3006 4753 3323 4848 profiteri
3384 4757 3639 4850 coepit,
3704 4780 3863 4828 con-
