4384 5817
1109 519 1240 584 230
1883 519 2354 588 HISTORIA
2400 519 3149 589 ECCLESIASTICA

1114 709 1534 804 tesignani.”
1595 709 1784 782 Sixt.
1813 708 2069 782 Senen.
2105 711 2230 782 lib.
2260 728 2371 780 IV.
2400 709 2745 782 Biblioth.
2772 709 3117 782 Sanctae:
3152 719 3201 752 “
3224 709 3273 780 J
3274 731 3537 782 oannes
3563 710 3894 794 Dnnsius,

1113 825 1404 896 natione
1437 825 1712 909 Scotus,
1747 849 1838 897 ex
1871 825 2245 898 Minorum
2278 825 2576 908 familia,
2613 826 3013 896 Alexandri
3044 824 3335 898 Alensis
3380 826 3719 899 Britanni
3760 829 3893 900 Lu·

1113 941 1328 1012 tetiae
1355 943 1664 1024 auditor,
1691 943 2153 1013 admirandae
2179 941 2605 1013 eruditionis
2638 941 3037 1013 subtilitate
3068 943 3463 1033 praeditae,
3496 942 3590 1013 ob
3613 943 3895 1035 profun-

1111 1055 1479 1126 dissimam
1515 1057 1794 1128 dicendi
1822 1058 2329 1129 obscuritatem
2362 1051 2706 1137 Eme-uude,
2732 1058 2810 1127 id
2832 1065 2943 1127 est
2966 1057 3473 1140 tenebricosus,
3494 1059 3686 1150 quod
3710 1059 3896 1129 Ana-

1109 1191 1421 1265 xagorae
1455 1171 1942 1244 obscurissimi
1975 1193 2369 1268 cognomen
2401 1171 2566 1255 fuit,
2601 1173 3211 1268 cognominatus.’'
3260 1173 3507 1246 Jacob.
3546 1173 3897 1245 Breullius

1111 1285 1233 1357 lib.
1266 1304 1354 1356 11.
1389 1286 1834 1381 Antiquitat.
1865 1286 2253 1360 Parisiens.
2276 1309 2441 1384 pag.
2470 1305 2766 1360 DXXIV.
2806 1297 2849 1330 ‘⁶
2870 1287 2993 1358 Ex
3016 1287 3152 1360 hoc
3174 1291 3611 1360 monasterio
3642 1289 3896 1384 [Fran-

1109 1403 1554 1473 ciscanorum
1599 1399 1938 1496 Parisiis]
1984 1404 2283 1494 plurimi
2326 1404 2705 1476 sanctitate
2748 1413 2824 1474 et
2864 1403 3191 1476 doctrina
3234 1406 3583 1496 pollentes
3626 1404 3897 1497 prodie-

1109 1527 1304 1588 runt.
1377 1515 1470 1588 In
1502 1516 1618 1588 his
1651 1515 1992 1590 Nicolaus
2029 1517 2391 1612 Lyranus,
2424 1518 2831 1593 Bibliorum
2863 1518 3443 1616 glossographuS,
3478 1529 3551 1591 et
3584 1522 3893 1613 quidam,

1107 1642 1580 1726 cognomento
1613 1655 1660 1704 a
1701 1633 1942 1725 patria
1971 1653 2106 1704 sua
2137 1641 2451 1725 sumpto,
2502 1632 2757 1706 Scotus
2806 1644 3125 1718 vocatus,
3166 1645 3241 1706 et
3272 1633 3547 1708 Doctor
3580 1635 3893 1716 Subtilis,

1109 1747 1314 1842 cujus
1365 1748 1712 1820 memoria
1760 1769 2132 1840 nunquam
2175 1759 2287 1820 est
2334 1749 2679 1841 peritura,
2728 1751 3151 1842 praesertim
3200 1749 3393 1821 inter
3444 1751 3893 1822 scholasticae

1107 1865 1502 1956 sapientiae
1533 1863 1994 1956 professores,
2029 1863 2123 1934 ob
2155 1865 2635 1937 eruditionem
2666 1888 2885 1957 quam
2920 1865 3207 1956 scriptis
3240 1865 3393 1938 suis
3424 1866 3713 1948 insevit,
3739 1865 3893 1938 hae-

1105 1981 1490 2052 reticorum
1541 1980 1897 2073 impietati
1951 1979 2441 2050 retundendas
2498 1979 3043 2073 opportunam.''
3162 1978 3443 2054 Eadem
3488 1981 3891 2075 chronologi

1103 2119 1370 2168 omnes.

1205 2213 1448 2285 Multa
1496 2216 1586 2286 de
1635 2237 1720 2286 eo
1767 2214 2090 2287 fabulose
2147 2215 2557 2297 traduntur,
2608 2223 2693 2286 ut
2742 2215 2937 2306 quod
2981 2215 3369 2308 imaginem
3418 2212 3773 2306 Deiparae
3818 2214 3891 2282 in

1103 2338 1352 2400 sancto
1393 2332 1652 2400 sacello
1695 2329 2052 2414 Lutetiae,
2103 2329 2605 2422 disputaturus
2650 2331 2739 2400 de
2784 2330 3241 2421 conceptione
3285 2329 3629 2423 ejusdem,
3680 2329 3891 2420 preci·

1102 2444 1238 2516 bus
1271 2445 1812 2529 incurvaverit;
1864 2447 2059 2540 quod
2095 2443 2331 2516 Roma
2379 2445 2697 2516 Parisios
2743 2445 2965 2516 biduo
3009 2445 3309 2526 venerit,
3362 2465 3651 2518 causam
3700 2446 3889 2514 illam

1101 2567 1730 2654 propugnaturus3
1758 2561 2086 2654 denique,
2110 2561 2485 2632 “nondum
2510 2571 2881 2632 mortuum
2904 2559 3151 2641 fuisse,
3164 2559 3419 2630 cumin
3442 2559 3891 2650 sepulchrum

1101 2677 1347 2746 illatus
1387 2683 1520 2756 est,
1567 2675 1693 2746 sed
1736 2674 2094 2748 duntaxat
2135 2675 2466 2771 lethargo
2498 2686 2905 2767 correptum
2950 2675 3216 2758 ferunt,
3268 2675 3460 2767 quod
3493 2684 3743 2766 aperto
3791 2695 3893 2744 se-

1099 2789 1402 2883 pulchro
1443 2801 1695 2881 postea
1738 2793 2158 2876 innotuerit,
2206 2794 2379 2864 dum
2424 2793 2506 2863 in
2553 2788 2896 2886 gradibus
2944 2791 3289 2863 mausolei
3338 2790 3701 2863 devoratis
3750 2811 3891 2861 ma-

1098 2906 1313 2977 nibus
1379 2915 1710 2999 repertus
1779 2908 1953 2988 est‚”
2031 2909 2136 2978 ait
2212 2907 2580 2979 Gilbertus
2658 2905 3161 2978 Genebrardus
3228 2905 3662 3001 Chronolog.
3730 2927 3891 3000 pag.

1098 3039 1476 3094 DCvan.
1577 3021 1996 3116 Eademque
2051 3025 2271 3114 paulo
2327 3031 2495 3094 ante
2548 3021 2599 3092 J
2602 3023 2809 3094 ovius
2868 3025 2947 3094 in
2995 3021 3279 3117 Elogiis
3327 3021 3677 3095 Virorum
3732 3023 3891 3092 doc·

1096 3140 1293 3210 trina
1356 3139 1774 3210 illustrium.
1903 3137 2116 3222 Quod
2182 3147 2665 3210 commentum
2731 3140 3053 3233 exagitat
3130 3139 3391 3210 acriter
3470 3145 3546 3208 et
3616 3136 3893 3208 erudite

1097 3253 1368 3326 Matth.
1413 3253 1789 3339 Ferchius,
1841 3253 1958 3325 vir
1999 3255 2527 3337 ornatissimus,
2584 3253 3043 3326 Franciscani
3092 3253 3367 3325 ordinis
3410 3253 3887 3346 provincialis,

1097 3380 1174 3440 et
1229 3370 1550 3441 modeste
1598 3368 1960 3441 Bzovium
2013 3369 2369 3440 Polonum
2422 3368 2632 3442 officii
2686 3369 3024 3441 admonet
3070 3372 3357 3440 exculto
3405 3389 3617 3460 opere
3665 3389 3890 3460 nuper

1098 3486 1460 3557 Camberii
1493 3487 1710 3557 edito.
1757 3484 1846 3557 Id
1877 3487 2115 3578 ipsum
2155 3487 2375 3556 etiam
2408 3482 2716 3556 Aubert.
2752 3485 3077 3556 Miraeus
3108 3485 3187 3556 in
3212 3483 3571 3556 Chronico
3602 3483 3887 3563 refutat,

1097 3605 1292 3694 quod
1351 3601 1696 3674 Coloniae
1749 3603 1952 3673 nulla
2009 3603 2108 3672 sit
2157 3602 2237 3672 in
2285 3600 2597 3672 archivis
2656 3601 3073 3672 monasterii
3133 3601 3427 3684 mentio,
3486 3607 3617 3670 aut
3672 3599 3887 3690 epita-

1097 3717 1292 3809 phiis
1317 3717 1538 3788 variis
1563 3720 1846 3790 tumulo
1869 3717 2227 3810 appensis.
2281 3717 2400 3788 Ita
2420 3716 2614 3786 enim
2638 3716 2759 3787 ille
2780 3736 2801 3786 ε
2837 3723 2882 3758 “
2908 3715 2957 3786 J
2958 3739 3027 3788 o.
3043 3714 3373 3787 ,Dunsius
3392 3714 3667 3797 Scotus,
3682 3713 3882 3784 Doct.

1101 3832 1404 3904 Subtilis
1439 3834 1976 3928 cognomento,”
2025 3830 2155 3904 διο.
2256 3830 2557 3906 Accedit
2599 3833 3003 3904 sanctitatis
3050 3831 3293 3923 opinio
3343 3853 3491 3923 qua
3536 3853 3763 3923 usque
3809 3831 3885 3898 in

1100 3949 1527 4019 hodiernum
1564 3947 1752 4018 diem
1787 3951 2024 4020 clarus
2058 3958 2189 4030 est,
2224 3969 2393 4018 nam
2420 3957 2493 4018 et
2524 3969 2655 4018 ara
2684 3969 2847 4018 cum
2882 3948 3211 4038 lampade
3244 3947 3539 4018 ardente
3562 3944 3883 4017 Dumfri·

1097 4064 1188 4133 sii
1247 4071 1427 4149 erat,
1487 4071 1561 4136 et
1615 4061 2012 4136 Mauritius
2065 4047 2501 4136 Hibeffiicus
2550 4073 2717 4134 ante
2775 4080 2975 4134 cxx.
3032 4085 3258 4134 annos
3318 4083 3483 4132 eum
3545 4061 3880 4132 Sanctum

1095 4177 1364 4270 ubique
1412 4187 1642 4262 vocat,
1699 4187 1776 4249 et
1831 4180 2188 4250 consentit
2248 4177 2667 4250 Matthaeus
2713 4177 3058 4249 Ferchius
3092 4178 3307 4260 idem,
3356 4177 3630 4248 ordinis
3684 4176 3881 4246 Sera-

1097 4292 1292 4384 phici
1324 4293 1582 4376 socius,
1615 4315 1802 4384 quae
1834 4317 1998 4366 cum
2043 4295 2174 4367 tali
2218 4293 2372 4367 fato
2414 4316 2741 4390 pugnare
2784 4293 3095 4376 videtur,
3140 4303 3213 4364 et
3261 4293 3528 4365 refellit
3574 4291 3625 4362 J
3626 4313 3881 4362 oannes

1093 4408 1560 4482 Stommclius
1608 4409 1928 4481 oratione
1976 4411 2066 4480 de
2115 4411 2239 4481 illo
2284 4409 2658 4481 Bononiae
2688 4410 2902 4492 edita,
2952 4431 3173 4499 quam
3206 4409 3368 4480 adit
3419 4408 3615 4499 quod
3646 4417 3881 4478 tamen

1093 4525 1519 4620 figmentum
1573 4525 1774 4595 scioli
1824 4525 2034 4596 avide
2091 4526 2579 4617 arripuerunt.
2700 4523 2749 4594 J
2750 4545 2932 4594 anus
2989 4521 3257 4596 Vitalis
3304 4521 3881 4598 maledicentiae&

1094 4661 1256 4712 mus
1291 4663 1336 4711 a
1365 4637 1418 4710 J
1418 4641 1586 4712 ovio
1620 4648 2024 4731 corruptus,
2059 4641 2388 4713 inficetas
2424 4660 2715 4712 scurras

1699 4765 1878 4842 Quod
1903 4765 2055 4830 nulli
2081 4787 2341 4849 unquam
2366 4767 2667 4830 hominum
2692 4765 2923 4840 suddit,
2950 4766 3157 4840 viator,
