4384 5817
1080 563 1253 638 290·
1866 565 2342 638 HISTORIA
2383 563 3140 638 EchESIAs‘ncA

1380 754 1497 829 De
1526 754 1957 832 Germaniae
1988 757 2456 854 Antiquitate
2485 757 2924 834 Dissertatio
3168 757 3296 834 lib.
3333 779 3389 836 1.

1182 867 1554 948 Scribebat
1583 896 1775 948 auno
1809 893 1996 948 um.
2042 877 2334 970 quando
2364 877 2646 960 obierit,
2696 883 2828 950 aut
2873 875 3000 950 ubi
3047 877 3506 972 potissimum
3555 875 3880 953 floruerit

1084 993 1164 1064 in
1195 989 1625 1077 Gai-maniis,
1658 999 1790 1064 aut
1818 1014 1966 1087 quo
1996 993 2191 1066 vitae
2223 1015 2486 1090 genere
2517 1014 2714 1078 usuS,
2749 992 2924 1086 quia
2955 993 3110 1088 ipse
3141 994 3224 1068 in
3245 995 3534 1090 scriptis
3557 997 3713 1070 suis
3737 1019 3882 1070 non

1082 1108 1436 1193 meminit,
1466 1129 1603 1206 ego
1634 1128 1783 1182 non
1814 1109 2277 1204 deprehendi.

2002 1292 2690 1423 Fomnnrms.
2797 1347 2969 1426 54⁹7.

1086 1578 1660 1664 FULGENTIUS,
1728 1587 2202 1676 cognomento
2265 1577 2559 1664 Audax,
2641 1579 2780 1652 sub
2851 1577 3190 1652 Donaldo
3255 1577 3318 1652 1.
3383 1601 3554 1676 rege
3619 1601 3882 1678 magna

1082 1695 1357 1793 ingenii
1404 1694 1599 1768 fama
1648 1696 1961 1792 vigebat,
2010 1694 2368 1788 siquidem
2411 1717 2544 1768 rex
2594 1697 2740 1782 ille,
2789 1693 3140 1790 Septimio
3197 1693 3466 1768 Severo
3515 1693 3880 1793 Augusto,

1080 1813 1209 1906 qui
1256 1809 1570 1884 Eboraci
1618 1813 1697 1884 in
1744 1809 2021 1906 Anglia
2066 1809 2271 1893 obiit,
2321 1820 2754 1907 contempto,
2805 1821 2880 1884 et
2927 1813 3348 1908 religionem
3397 1813 3882 1907 pietatemque

1080 1929 1476 2021 amplexus,
1510 1925 2008 2000 Christianum
2043 1948 2185 2010 aes,
2223 1947 2508 2013 aurum,
2543 1937 2762 2024 atque
2807 1937 3191 2026 argentum
3225 1929 3506 2022 primus
3538 1929 3879 2024 signavit,

1082 2066 1257 2118 usus
1288 2044 1483 2117 fideli
1515 2042 1891 2140 Fulgentii
1922 2063 2163 2136 opera,
2203 2042 2332 2136 qui
2363 2045 2750 2144 scripserat

1275 2165 1281 2172 '
1378 2161 1493 2234 De
1526 2159 1709 2234 Fide
1742 2157 2015 2230 Christi
2299 2157 2424 2232 lib.
2463 2178 2517 2233 1.
2551 2164 2746 2256 quod
2778 2185 2960 2256 opus
2993 2162 3276 2235 utinam
3305 2159 3522 2234 hodie
3553 2169 3874 2248 extaret3

1474 2276 1775 2350 haberet
1878 2283 2071 2347 certe
2160 2273 2404 2350 Scotia
2495 2300 2643 2372 quo
2733 2278 3094 2354 fervorem
3193 2286 3267 2350 et
3369 2278 3878 2371 antiquitatem

1472 2393 1643 2468 fidei
1708 2401 2032 2486 receptae
2096 2401 2513 2478 ostentaret,
2579 2395 2828 2488 paucis
2903 2393 3246 2488 Europae
3318 2395 3564 2490 regnis
3639 2415 3876 2468 cessu-

1473 2535 1580 2600 ra,
1649 2511 2009 2605 permulta
2068 2530 2242 2582 vero
2301 2519 2754 2602 superatura.
2877 2511 3242 2586 Meminit
3277 2507 3650 2584 Indiculus
3709 2533 3880 2584 ano·

1474 2651 1707 2724 ”yml-

1372 2747 1489 2822 De
1519 2745 2016 2818 Romanorum
2052 2740 2358 2839 Injuriis
2965 2746 3090 2822 lib.
3127 2763 3182 2820 1.

1375 2863 1493 2938 De
1522 2860 1955 2936 vindicanda
1984 2859 2358 2934 Libertate
2959 2862 3088 2938 lib.
3124 2883 3178 2938 1.

1372 2981 1757 3056 Orationes
2961 2981 3089 3054 lib.
3127 2997 3182 3052 1.

1376 3098 1751 3194 Epistolas
2040 3093 2165 3168 lib.
2205 3113 2260 3168 1.
2293 3105 2705 3192 susceperat
2735 3097 2928 3170 enim
2961 3119 3252 3170 caumm
3285 3096 3678 3170 Britonum
3711 3118 3878 3170 con-

1472 3225 1593 3288 tra
1622 3213 1993 3286 libidinem
2042 3211 2544 3286 Romanorum
2589 3213 3134 3298 defendendam,
3183 3222 3260 3286 et
3305 3214 3678 3307 suppetias
3729 3235 3874 3286 non

1466 3333 1683 3405 modo
1714 3329 2003 3423 scriptis
2034 3329 2161 3402 sed
2190 3329 2438 3426 gladio
2468 3331 2536 3402 ei
2567 3331 2770 3426 genti
2801 3331 2998 3413 tulit,
3043 3329 3308 3402 missus
3352 3353 3397 3402 a
3441 3329 3778 3402 Donaldo
3811 3329 3870 3401 Ι.

1368 3447 2276 3648 Adscssglnzffibcotiae,
2311 3571 2388 3636 et
2419 3561 2868 3662 Thelargum
2899 3563 3272 3671 Pictorum
3305 3585 3572 3661 regem,
3607 3571 3682 3636 et
3713 3584 3876 3655 pro-

1470 3703 1664 3754 ceres
1696 3679 2111 3765 Britonum‚
2961 3682 3084 3753 lib.
3123 3699 3177 3753 1.

1170 3801 1377 3878 Obiit
1424 3800 1507 3872 in
1554 3797 1727 3884 acie,
1784 3797 2107 3894 graviter
2160 3798 2582 3869 vulneratus
2632 3819 2682 3870 a
2725 3796 3078 3892 Septimio
3125 3795 3392 3870 Severo
3439 3797 3871 3890 imperatore

1070 3943 1263 3996 anno
1320 3933 1543 3990 ccxl.
1647 3912 1868 3986 Hunc
1926 3911 2466 4006 stupidissimus
2527 3912 2888 4006 bipedum,
2936 3915 3138 3985 nullo
3189 3923 3482 3986 auctore
3537 3913 3868 3994 adducto,

1070 4037 1121 4109 J
1120 4057 1387 4112 oannes
1420 4031 1755 4104 Pitsaeus
1788 4028 2115 4125 Anglum
2148 4051 2296 4102 non
2327 4027 2683 4102 erubescit
2711 4029 2968 4115 facere,
3003 4051 3170 4102 cum
3201 4029 3460 4102 Scotus
3494 4028 3868 4122 suppetIas

1071 4177 1119 4226 a
1164 4174 1335 4248 rege
1382 4171 1517 4222 suo
1565 4147 1959 4220 destinatas
2005 4147 2089 4219 in
2134 4144 2484 4241 Angliam
2534 4147 2846 4231 duxerit,
2895 4155 2983 4218 ut
3031 4169 3165 4218 suo
3213 4146 3564 4242 sanguine
3615 4167 3776 4217 eam
3823 4165 3868 4214 a

1070 4268 1444 4342 servitutis
1494 4262 1929 4338 contumelia
1977 4262 2399 4336 vindicaret.
2534 4261 2857 4336 Annales
2906 4263 3162 4336 nostri.
3282 4262 3864 4335 Scotichronicon

1068 4383 1196 4458 lib.
1234 4400 1358 4456 111.
1394 4403 1549 4476 cap.
1586 4395 1761 4452 XIV.
1814 4379 2194 4456 Praeclara
2233 4401 2406 4452 sane
2455 4379 2546 4454 ab
2594 4379 3088 4476 ing-ratissima
3136 4379 3376 4452 bellua
3421 4378 3654 4451 Scotis
3703 4399 3870 4474 gra·

1068 4503 1175 4578 tia
1202 4501 1453 4576 relata.
