4384 5817
1224 547 1582 618 GENTIS
1629 542 2195 626 scoToRUM,
2239 541 2427 614 LIB.
2472 542 2594 610 IV.
3184 541 3317 608 238

507 757 552 789 ‘⁶
577 745 715 818 Vir
737 742 1054 826 doctus,'’
1079 741 1185 814 ait
1207 739 1694 835 wolfgangus
1727 737 1998 810 Lanius
2031 735 2157 808 lib.
2185 752 2333 806 vn.
2371 732 2675 829 Migrat.
2712 729 2929 804 Gent.
3016 729 3319 824 Scripsit

603 877 612 886 ·
803 858 1058 932 Vitam
1091 855 1440 948 Leopoldi
1477 852 1922 926 Marchionis
1955 851 2305 926 Austriae
2648 848 2769 922 lib.
2806 866 2860 920 1.
2964 847 3037 920 Is
3070 855 3321 940 postea

899 975 984 1046 in
1045 979 1464 1046 sanctorum
1527 972 1798 1043 relatus
1873 991 2281 1050 numerum,
2360 967 2715 1040 secundus
2780 963 3127 1038 Austriae
3192 983 3321 1055 pa-

833 1167 848 1180 ,
903 1099 1164 1162 trorum
1214 1088 1498 1170 colitur,
1551 1087 1684 1158 din
1739 1085 1934 1158 enim
1987 1094 2158 1158 ante
2210 1084 2421 1156 illum
2478 1083 2750 1156 ascitus
2798 1082 2881 1154 in
2929 1089 3319 1174 patronum

903 1205 998 1278 ab
1049 1228 1138 1277 ea
1191 1211 1408 1300 gente
1463 1201 1706 1276 fuerat
1756 1199 1832 1276 S.
1887 1201 2355 1284 colmannus,
2406 1200 2523 1272 uti
2578 1198 2705 1272 lib.
2758 1215 2886 1270 111.
2938 1218 3161 1290 supra
3210 1215 3320 1266 os-

908 1317 1136 1389 tendi.

611 1435 896 1509 Clamit
927 1455 1122 1506 anno
1155 1447 1520 1504 Mcnvm.

1257 1663 1684 1738 SAMUEL
1733 1662 2298 1738 DEIRANUS.
2403 1668 2595 1748 423„

516 1899 620 1970 SA
629 1915 872 1972 MUEL
937 1897 1324 1982 Deiranus,
1390 1897 1787 1970 monachus
1853 1897 2393 1982 Benedictinus,
2462 1921 2509 1968 a
2572 1897 2801 1970 Deira
2866 1895 3329 1968 celeberrimo

515 2014 932 2086 Buchaniae
996 2014 1338 2086 coenobio
1401 2015 1507 2086 sic
1563 2023 1888 2100 vocatus,
1947 2015 2064 2086 vir
2121 2015 2268 2086 fuit
2332 2015 2427 2085 ad
2492 2014 2924 2085 miraculum
2991 2011 3331 2084 omnibus

517 2131 723 2203 bonis
791 2131 1070 2203 artibus
1138 2131 1489 2216 erudituS,
1573 2130 1954 2224 praecipue
2031 2131 2585 2216 mathematicis,
2672 2131 2754 2201 in
2835 2128 3100 2224 quibus
3172 2135 3334 2198 tan-

519 2259 678 2320 tum
731 2245 979 2318 floruit
1037 2254 1112 2319 et
1160 2248 1517 2332 excelluit,
1570 2258 1657 2319 ut
1705 2271 1752 2318 a
1799 2249 2022 2344 vulgo
2069 2270 2330 2343 magus
2388 2247 2827 2331 haberetur3
2902 2267 3159 2317 revera
3206 2265 3335 2314 na-

517 2375 724 2436 turae
779 2364 1127 2456 mysteria
1185 2363 1364 2434 adeo
1419 2365 1850 2456 penetravit,
1909 2371 1995 2434 ut
2051 2363 2240 2435 nihil
2303 2364 2383 2435 in
2440 2364 2531 2436 iis
2582 2364 2651 2434 ei
2700 2363 3064 2434 occultum
3112 2359 3325 2432 foret.

519 2479 720 2550 Mira
781 2479 1354 2571 praedictionum
1413 2479 1782 2565 felicitate,
1844 2481 2050 2550 varia
2107 2481 2407 2574 reliquit
2466 2480 2743 2578 ingenii
2812 2479 2926 2551 sui
2980 2477 3333 2550 rarissimi

519 2603 1008 2679 monumenta,
1056 2595 1185 2668 sed
1234 2597 1327 2668 ad
1374 2619 1492 2668 me
1537 2619 1936 2690 paucorum
1995 2596 2231 2690 apices
2280 2605 2792 2690 pervenerunt.
2896 2593 2989 2667 In
3035 2591 3152 2666 his
3206 2593 3335 2664 ha-

521 2712 833 2784 bentur:

819 2826 1150 2900 Canones
1181 2826 1626 2926 Astrologici
2424 2831 2549 2902 lib.
2588 2849 2643 2901 1.

823 2943 1249 3038 Principum
1281 2948 1738 3040 quorundam
1774 2945 2182 3041 Horoscopi
2427 2947 2557 3019 lib.
2596 2966 2649 3019 1.

823 3059 1360 3134 Praedictiones
1404 3085 1693 3135 veraces
1737 3085 1956 3156 super
1999 3063 2198 3136 Casu
2244 3064 2651 3160 Religionis
2698 3064 2894 3157 apud
2942 3063 3215 3148 Scotos,
3269 3074 3341 3134 et

913 3177 1242 3272 ejusdem
1273 3201 1468 3252 nova
1497 3179 2080 3263 Restauratione,
2428 3179 2554 3252 lib.
2593 3199 2647 3251 1.

826 3291 1305 3391 Theologicae
1335 3295 1810 3368 collectiones
1841 3319 1977 3389 pro
2009 3295 2473 3390 Astrologica
2506 3295 2823 3367 Scientia
3011 3293 3137 3366 lib.
3176 3310 3231 3363 1.

625 3409 836 3482 Obiit
879 3432 1071 3482 anno
1119 3429 1524 3484 MDXLVH.
1625 3411 1968 3505 Sepultus
2015 3434 2165 3483 non
2216 3415 2431 3506 longe
2480 3409 2937 3506 Edimburgo
2982 3411 3062 3481 in
3103 3411 3343 3505 cujus-

530 3527 697 3597 dam
730 3525 874 3611 viri
907 3526 1338 3599 nobilissimi
1370 3531 1652 3613 sacello,
1696 3551 2008 3622 quocum
2041 3529 2368 3624 ejusdem
2384 3501 2653 3600 ‘sacelli
2696 3527 3047 3622 imagines
3094 3547 3345 3598 omnes

534 3643 752 3714 etiam
790 3643 1112 3734 sepultae
1144 3666 1229 3715 ac
1259 3646 1693 3718 reconditae.

1545 3877 2058 3950 DRUYDES.
2163 3881 2334 3950 424.

533 4105 943 4182 DRUYDEs
1007 4112 1126 4182 vel
1191 4107 1555 4204 Dryudes,
1631 4110 2042 4203 philosophi
2113 4111 2625 4212 antiquissimi,
2702 4135 2747 4183 a
2817 4111 3035 4205 Druy
3110 4108 3348 4182 Celta-

534 4244 700 4294 rum
771 4246 962 4320 rege,
1045 4235 1132 4299 ut
1199 4228 1457 4298 volunt
1531 4227 1942 4320 Stephanus
2011 4226 2467 4310 Forcatulus,
2550 4237 2627 4300 et
2699 4227 2751 4299 J
2752 4249 3017 4300 oannes
3100 4227 3347 4300 Picar-

537 4339 674 4410 dus
724 4339 851 4411 lib.
907 4359 996 4412 11.
1050 4340 1602 4435 Celtopaediae3
1676 4346 1793 4414 vel
1841 4343 1934 4414 ab
1982 4343 2360 4416 arboribus
2410 4352 2485 4415 et
2534 4345 2715 4416 lucis
2763 4346 2842 4416 in
2891 4344 3178 4438 quibus,
3230 4345 3349 4415 de-

535 4456 818 4528 clinatis
853 4458 1178 4542 urbibuS,
1221 4471 1308 4530 ut
1340 4459 1562 4531 sacris
1595 4459 1879 4530 facilius
1913 4467 2275 4543 vacarent,
2326 4458 2774 4533 habitabant.
2826 4459 2903 4530 Α
2937 4460 3344 4542 Britannia,

537 4571 615 4640 id
649 4581 781 4657 est,
816 4572 1080 4658 Scotia,
1113 4576 1241 4647 ubi
1288 4583 1530 4647 ortum
1573 4575 1912 4648 habuisse
1944 4575 2274 4648 scribunt
2324 4575 2590 4650 Caesar
2636 4578 2763 4651 lib.
2800 4596 2913 4650 Ἦ.
2967 4575 3349 4648 Commen-

539 4689 792 4761 tarior.
849 4687 1112 4762 Strabo
1167 4691 1295 4764 lib.
1349 4709 1428 4762 v.
1489 4691 1898 4788 Geograph.
1969 4689 2272 4763 Tacitus
2336 4695 2417 4763 in
2482 4691 2847 4789 Agricola,
2914 4703 2989 4765 et
3054 4692 3203 4775 alii,
3271 4691 3352 4762 in

540 4797 828 4874 Gallias·
879 4805 1237 4889 translati,
1305 4805 1492 4876 mira
1558 4805 2114 4899 philosophandi
2182 4808 2483 4882 scientia
2564 4811 3078 4882 inclaruerunt.
3165 4806 3349 4880 Late
