4384 5817
1059 575 1194 698 244·-
1835 573 2307 644 HISTORIA
2352 573 3109 646 ECCLESIASTICA

1063 771 1166 838 les
1232 765 1512 838 Scotiae
1580 762 2036 864 Angiiaeque
2091 777 2479 853 testantur,
2536 771 2653 840 vel
2712 791 2905 842 anno
2952 785 3135 842 nce.
3194 767 3247 840 J
3246 791 3513 843 oannes
3564 769 3845 846 Trithe-

1063 906 1274 954 mins.

1164 1001 1591 1072 Sanctorum
1616 1022 1920 1072 numero
1943 1001 2303 1094 ascriptus
2328 1001 2591 1075 colitur
2612 1003 2733 1074 die
2760 1017 3001 1074 xxnr.
3028 999 3333 1096 Aprilis.
3380 1001 3851 1102 Martyrolog.

1067 1117 1374 1188 Roman.
1409 1127 1484 1188 et
1518 1115 1720 1188 Beda
1751 1117 1876 1189 lib.
1915 1135 2041 1189 111.
2075 1140 2231 1210 cap.
2270 1136 2379 1190 IV.
2416 1129 2493 1190 et
2523 1118 2696 1192 alibi
2732 1141 2965 1212 saepe.
3068 1118 3287 1192 Alius
3318 1120 3412 1192 ab
3444 1120 3581 1192 hoc
3612 1131 3853 1194 nostro

1063 1233 1432 1329 Egbertus
1465 1244 1596 1318 est,
1631 1255 1762 1304 seu
1793 1232 2205 1307 Eadbertus
2240 1233 2855 1308 Lindisfarnensis
2890 1234 3291 1328 episcopus.
3340 1235 3665 1308 Annahs
3708 1237 3857 1310 An-

1063 1351 1256 1446 gliei.
1357 1349 1570 1432 Quod
1629 1373 1802 1423 vero
1869 1350 2479 1446 Martyrologium
2546 1352 2625 1424 in
2694 1349 3051 1424 Hibernia
3114 1355 3855 1426 commemorationem

1065 1469 1221 1564 ejus
1255 1475 1502 1558 ponat,
1539 1468 1614 1537 id
1647 1469 1736 1538 de
1770 1467 2331 1552 conservatione,
2386 1480 2459 1538 et
2508 1469 2875 1540 eremitica
2917 1467 3074 1540 vita
3118 1469 3301 1540 inibi
3350 1479 3531 1552 acta,
3580 1490 3727 1542 non
3778 1472 3858 1543 de

1063 1593 1252 1666 ortu,
1277 1584 1821 1678 intelligendum
1859 1606 2110 1656 censeo
2135 1605 2158 1668 3
2210 1594 2403 1656 certe
2434 1586 2629 1656 enim
2662 1582 2955 1655 Scotum
2984 1605 3159 1667 esse,
3186 1586 3303 1656 vel
3328 1583 3639 1657 Balaens
3663 1591 3855 1682 genti

1061 1711 1349 1772 nostrae
1383 1699 1609 1771 hostis
1633 1700 1927 1794 juratus
1979 1701 2257 1784 asserit,
2308 1710 2395 1772 ut
2443 1700 2825 1772 historicos
2869 1709 3145 1772 taceam
3193 1709 3471 1773 veteres
3517 1711 3855 1774 recentes·

1059 1838 1220 1909 que.

1953 2015 2027 2087 S.
2083 2011 2692 2088 ERWALDUS.
2797 2013 2967 2089 446.

1058 2175 1102 2208 “
1137 2163 1210 2237 S.
1247 2163 1734 2238 nummus
1763 2165 2180 2249 monachus,
2232 2175 2305 2239 et
2340 2167 2739 2259 discipulus
2772 2165 2847 2238 S.
2884 2165 3233 2251 Kiliani,”
3284 2167 3389 2239 ait
3440 2167 3685 2240 Trith.
3736 2169 3849 2242 lib.

1059 2301 1181 2353 111.
1215 2283 1306 2352 de
1336 2279 1497 2353 Vir.
1535 2283 1760 2355 illust.
1797 2283 2054 2354 Ordin.
2107 2281 2184 2355 S.
2221 2283 2597 2355 Benedicti
2648 2305 2803 2376 cap.
2840 2298 3093 2354 chv.
3146 2290 3193 2324 ‘⁶
3226 2285 3595 2377 martyris,
3644 2295 3851 2378 atque

1053 2397 1412 2491 pontificis
1459 2397 2028 2491 Herbipolensis,
2081 2421 2412 2496 egressus
2462 2421 2629 2471 cnm
2662 2421 2749 2470 eo
2782 2399 2871 2470 de
2904 2397 3147 2470 Sootia
3180 2398 3273 2469 ad
3304 2399 3851 2491 praedicandum

1053 2516 1357 2588 verbum
1417 2516 1494 2585 in
1553 2515 1980 2598 Franconia,
2039 2518 2475 2610 martyrium
2540 2532 2709 2587 cum
2776 2515 3131 2611 magistro
3186 2525 3437 2586 saneto
3498 2515 3852 2608 perfecit?

1054 2631 1212 2702 Nec
1241 2633 1332 2701 de
1382 2633 1512 2702 illo
1560 2632 1636 2702 in
1685 2635 1866 2704 actis
1911 2631 2190 2705 Kiliani
2243 2633 2629 2726 quiequam
2680 2633 3085 2715 observavi,
3136 2653 3269 2704 nee
3318 2633 3615 2704 omnino
3662 2632 3847 2704 alibi.

1053 2745 1338 2840 Scripta
1369 2748 1758 2840 perierunt.

1155 2863 1440 2936 claruit
1473 2887 1664 2935 anno
1699 2881 2077 2937 nemum.
2176 2863 2670 2938 conservatur
2701 2865 2861 2960 ejus
2896 2885 3097 2938 sacra
3130 2865 3477 2938 memoria
3524 2867 3646 2939 die
3676 2883 3845 2936 xlx.

1056 2979 1106 3050 J
1107 2981 1416 3052 anuarii.
1532 2979 1856 3053 Tabulae
1889 2981 2501 3055 constantienses.

1929 3213 2004 3287 S.
2057 3213 2705 3287 ERLULPHUS.
2808 3217 2977 3294 447.

1055 3447 1127 3518 S.
1183 3445 1696 3521 Ennnnrnns
1745 3447 2136 3522 verdensis
2195 3449 2571 3541 episeopus
2622 3465 2738 3518 11.
2798 3459 2873 3520 et
2930 3448 3235 3521 ultimus
3294 3447 3673 3522 Scotorum
3730 3449 3848 3540 qui

1051 3587 1208 3636 eam
1243 3567 1480 3638 sedem
1518 3589 1562 3638 a
1597 3577 1642 3610 ‘⁸
1669 3567 1930 3638 Carolo
1965 3565 2265 3662 Magno,
2298 3555 2395 3638 ob
2426 3565 2783 3660 insignem
2820 3563 3011 3636 bello
3034 3563 3433 3658 Hispanico
3466 3567 3531 3636 ei
3566 3583 3849 3658 operam

1047 3683 1454 3766 navatam,”
1487 3693 1899 3755 tenuerunt.
1995 3681 2267 3776 Philip.
2305 3679 2685 3753 Belforest.
2724 3681 2845 3752 lib.
2888 3700 2941 3753 1.
2982 3681 3264 3755 Histor.
3298 3681 3621 3754 ena-olor.
3712 3679 3849 3752 Hie

1049 3819 1212 3868 cum
1247 3800 1366 3890 pie
1399 3801 1764 3871 ecclesiam
1799 3819 2004 3870 suam
2047 3799 2645 3882 administrasset,
2682 3807 2731 3842 “
2754 3821 2916 3870 eum
2952 3799 3241 3895 agmine
3274 3797 3849 3870 Christianorum

1049 3935 1184 4005 pro
1217 3913 1514 3986 Christo
1547 3939 1794 3988 caesus
1821 3893 1932 3986 e‘st
1955 3918 2034 3987 in
2059 3915 2627 4008 Ebbeckstorp.'’
2700 3913 3025 3988 Annales
3056 3915 3541 3987 Eoelesiastiei
3568 3913 3845 3985 Albert.

1051 4028 1346 4101 Crantz.
1383 4031 1506 4103 lib.
1547 4049 1634 4102 Π.
1673 4031 2057 4124 Metropol.
2097 4054 2251 4124 cap.
2290 4049 2499 4102 xxx,
2570 4032 2867 4105 Sum-id.
2906 4031 3169 4104 Petrus
3202 4031 3322 4104 lib.
3358 4051 3410 4104 1.
3446 4031 3655 4126 Orig.
3692 4031 3850 4102 Fri-

1051 4167 1204 4216 son.
1242 4169 1395 4238 cap.
1435 4163 1573 4218 xv,
1675 4145 1952 4218 Anton.
1988 4147 2416 4218 Demochar.
2460 4149 2583 4220 lib.
2622 4169 2709 4222 11.
2748 4173 2902 4243 cap.
2942 4165 3208 4220 xxxv,
3262 4158 3309 4191 ‘⁸
3340 4146 3413 4218 S.
3450 4145 3849 4239 Erlulphus

1049 4257 1326 4346 scotus,
1363 4265 1705 4357 martyr.”
1805 4263 1946 4334 Sed
1979 4264 2337 4334 decimum
2370 4263 2527 4357 ejus
2562 4267 2749 4337 sedis
2784 4266 3184 4338 antistitem
3219 4264 3415 4348 facit,
3447 4273 3520 4335 et
3552 4265 3739 4336 locat
3772 4263 3848 4332 in

1049 4399 1238 4450 anno
1275 4395 1784 4450 Dcccnxxw.
1872 4377 2158 4450 Colitur
2190 4379 2308 4448 die
2350 4397 2557 4450 xxn.
2594 4379 2949 4453 Januarii.
3052 4381 3355 4473 Scripsit

1347 4493 1716 4587 Epistolas
1753 4497 1842 4565 ad
1878 4497 2201 4566 diversos
2934 4497 3057 4569 lib.
3098 4517 3151 4568 1.

1345 4606 1706 4680 Homilias
1739 4611 1830 4681 de
1863 4609 2144 4680 Sanctis
2934 4613 3058 4684 lib.
3096 4633 3150 4684 1.

1148 4723 1417 4798 Passus
1453 4735 1561 4797 est
1597 4747 1787 4798 anno
1825 4743 2347 4798 DCCCXXXIX.
2448 4727 2549 4799 W
2549 4731 2819 4800 alterna
2851 4729 2919 4799 ei
2950 4730 3315 4812 successit,
3370 4750 3459 4798 ac
3496 4729 3619 4798 alii
3654 4727 3849 4796 dein-

1047 4863 1214 4934 ceps
1271 4841 1616 4916 Saxones.
1745 4837 1962 4914 Alius
2012 4851 2122 4914 est
2171 4841 2499 4914 Erlolfus
2550 4843 2769 4914 abbas
2821 4842 3335 4929 Morbacensis,
3384 4851 3459 4914 et
3509 4842 3603 4912 ab
3654 4841 3848 4913 Hen-
