4384 5817
1285 595 1642 666 GENTIS
1690 595 2247 678 scoToRUM,
2294 595 2476 666 LIB.
2525 595 2655 666 111.
3235 595 3367 664 157

565 801 772 866 notat
837 789 1196 862 Kenicum
1263 791 1340 860 in
1407 787 1836 882 quibusdam
1905 788 2144 858 vocari
2204 787 2588 860 codicibus.
2646 785 3076 860 Franciscus
3146 785 3359 856 Mau-

563 911 848 1002 rolycus
883 907 1078 978 dicto
1109 907 1259 977 (liet
1305 915 1350 949 ‘⁶
1377 905 1470 977 In
1503 905 1744 977 Scotia
1775 902 1866 973 B.
1893 901 2217 974 Canuitii
2250 902 2592 974 abbatis.'’
2676 903 3017 975 Meminit
3050 910 3124 975 et
3160 901 3357 974 Petr.

565 1020 970 1094 Galesinius
1027 1023 1104 1092 in
1159 1043 1292 1093 suo
1351 1020 1899 1114 Martyrologio,
1948 1027 2024 1088 et
2077 1016 2273 1088 Petr.
2326 1018 2409 1088 in
2457 1015 2805 1113 Catalog‘o
2854 1017 2975 1088 lib.
3030 1035 3148 1088 xl.
3200 1037 3355 1110 cap.

565 1137 697 1208 ult.
731 1135 978 1208 Felici.
1013 1137 1092 1206 in
1125 1117 1667 1228 Ephemeridib.
1716 1132 2022 1205 Arnum.
2071 1131 2319 1204 Uvion
2367 1131 2492 1204 nb.
2542 1151 2666 1204 111.
2719 1131 2935 1228 Ligu.
2980 1129 3135 1204 vit.
3186 1155 3353 1230 pag.

563 1267 1053 1323 cccxxxvn.
1087 1251 1214 1344 qui
1247 1273 1396 1323 non
1427 1259 1537 1323 est
1568 1248 1750 1321 mihi
1785 1247 1878 1318 ad
1912 1268 2229 1318 manum.
2332 1245 2615 1340 Scripta
2658 1247 3117 1320 interierunt.
3202 1248 3359 1320 Nec

561 1367 756 1438 ullus
819 1367 1236 1437 mortalium
1305 1389 1441 1460 pro
1493 1363 1838 1436 mendicis
1896 1371 2064 1446 stat,
2125 1384 2371 1434 omnes
2429 1365 2621 1434 enim
2682 1364 3036 1434 nominati
3095 1364 3361 1436 diserte

561 1480 854 1554 Scotum
909 1493 1191 1566 vocant,
1243 1491 1320 1554 et
1374 1481 1424 1552 J
1425 1505 1491 1554 o.
1543 1501 1590 1550 a
1642 1477 1878 1574 Nigra
1919 1475 2128 1550 Valle
2183 1477 2671 1550 bibliothecar.
2728 1478 2802 1550 S.
2852 1479 2946 1550 R.
2996 1477 3091 1550 Ε.
3146 1489 3192 1523 “
3224 1480 3360 1552 Ca·

562 1599 790 1670 nicius
841 1597 1060 1670 abbas
1109 1599 1488 1670 canonicae
1531 1595 1918 1668 Scotiensis
1967 1592 2392 1666 confessor.'’
2490 1592 2853 1666 Gbinius:
2906 1603 2953 1636 ‘⁸
2986 1595 3078 1666 In
3119 1594 3357 1667 Scotia

562 1697 804 1785 Sancti
839 1712 1088 1784 Canici
1121 1713 1464 1786 abbatis.”

659 1825 735 1897 N
735 1849 814 1898 ec
857 1849 1002 1920 quo
1049 1837 1370 1920 tempore
1411 1825 1758 1910 floruerit,
1823 1835 2018 1898 certo
2065 1827 2271 1919 potui
2322 1827 2776 1910 constituere,
2824 1826 3019 1919 quod
3066 1827 3387 1898 annales·

562 1943 788 2012 nostri
845 1944 1126 2027 sileant,
1179 1965 1310 2014 nec
1357 1941 1878 2037 martyrologia
1937 1941 2349 2034 loquantur.
2452 1940 2894 2014 Canonicum
2956 1944 3358 2036 regularem

561 2058 738 2129 facit
794 2057 1314 2130 Constantinus
1373 2058 1711 2130 Ghinius.
1849 2055 2011 2128 Hoc
2051 2079 2309 2129 unum
2374 2066 2676 2142 constat,
2748 2056 3179 2130 Hiberniam
3247 2059 3357 2129 in-

561 2172 800 2244 colatu
847 2195 981 2245 suo
1023 2173 1206 2244 mire
1258 2175 1431 2247 olim
1479 2172 1917 2245 nobilitasse.
2014 2171 2211 2244 Hinc
2263 2172 2659 2244 Kilkennia
2706 2173 3179 2266 episcopatus,
3229 2174 3356 2267 qui

563 2285 874 2372 Osseria,
910 2289 1116 2382 quasi
1151 2287 1412 2360 Kanici
1445 2287 1744 2360 fanumz
1795 2287 1900 2358 sic
1933 2285 2326 2379 Kilpatrik,
2376 2285 2734 2373 Colonkil,
2786 2288 3144 2373 Kilmaur,
3198 2287 3359 2359 Kil-

559 2405 741 2486 reul,
797 2403 1118 2488 Patricii,
1177 2403 1590 2488 Columbae,
1643 2401 1966 2485 Maurae,
2019 2401 2309 2498 Reguli,
2362 2405 2685 2496 templa,
2710 2404 2963 2500 lingua
3009 2411 3352 2476 nostrate.

563 2517 848 2590 Colitur
879 2537 998 2591 xr.
1033 2519 1326 2592 Octobr.

1435 2751 1512 2826 S.
1563 2751 2196 2828 CONUALLUS.
2299 2747 2467 2824 263.

564 2993 610 3027 ‘⁸
639 2983 715 3056 S.
771 2982 1302 3070 CONUALLUs,
1348 2985 1442 3056 D.
1481 2983 1914 3080 Kentigerni
1964 2985 2382 3077 discipulus,
2432 2985 2641 3080 cujus
2690 2985 3041 3077 reliquiae
3097 2984 3356 3058 celebri

564 3110 1028 3173 monumento
1059 3103 1138 3173 in
1175 3099 1634 3184 Inchemnen,
1668 3100 1864 3171 haud
1896 3101 2146 3193 procul
2179 3124 2227 3173 a
2257 3098 2687 3196 Glasguensi
2721 3101 3035 3184 civitate,
3069 3125 3116 3172 a
3148 3100 3361 3174 Chri-

563 3215 800 3287 stiano
857 3219 1128 3308 populo
1181 3217 1526 3288 hactenus
1577 3216 1658 3286 in
1707 3235 1970 3309 magna
2019 3216 2378 3288 habentur
2425 3217 2905 3291 veneratione.
3005 3215 3248 3289 Affuit
3296 3220 3360 3290 is

564 3327 834 3402 Aidani
893 3331 1084 3427 regis
1143 3331 1406 3416 funeri,
1463 3332 1638 3402 dum
1688 3354 1734 3401 a
1783 3331 2257 3424 Kylsthorain
2306 3333 2385 3402 in
2435 3330 2705 3402 Canter
2748 3331 3034 3404 funebri
3093 3356 3381 3425 pompa.

566 3445 940 3517 efferretur
971 3448 1048 3517 in
1084 3447 1395 3518 insulam
1430 3445 1706 3519 Ionam.
1807 3443 2047 3518 Affuit
2078 3454 2152 3518 et
2184 3468 2331 3518 non
2364 3450 2595 3518 multo
2637 3457 2803 3540 post
2845 3449 3093 3540 populi
3144 3451 3360 3520 comi-

565 3561 686 3632 tiis
735 3565 815 3633 in
863 3563 1264 3658 Argadiam
1314 3563 1626 3646 indictis,
1677 3561 2002 3655 patribus
2053 3562 2487 3645 auctoribus,
2536 3565 2727 3658 reg-is
2761 3565 2934 3635 novi
2968 3565 3045 3634 in
3079 3565 3359 3636 demor-

567 3678 680 3750 tui
702 3680 936 3750 locum
959 3678 1267 3773 eligendi
1287 3679 1566 3750 causa.”
1613 3677 1826 3750 Hect.
1849 3677 2106 3748 Boeth.
2130 3677 2255 3748 lib.
2287 3695 2403 3749 lx.
2432 3678 2627 3749 Hist.
2657 3678 2847 3749 Scot.
2874 3700 3038 3773 pag.
3068 3696 3357 3750 CLXXI.

566 3792 618 3863 J
617 3816 685 3866 o.
717 3793 1060 3866 Leslaeus
1105 3793 1230 3865 lib.
1270 3810 1382 3864 IV.
1427 3815 1590 3888 pag.
1637 3811 1868 3865 cun.
1953 3791 2259 3864 Arnold.
2312 3792 2557 3864 Uvion
2606 3794 2729 3864 lib.
2776 3812 2899 3865 111.
2948 3797 3103 3866 loco
3143 3795 3359 3867 toties

565 3908 876 3981 laudato.

663 4023 1190 4120 Martyrologia
1222 4025 1459 4106 silent,
1492 4046 1622 4096 nec
1656 4045 1806 4116 quo
1835 4025 1952 4094 die
1987 4023 2142 4118 ejus
2181 4023 2597 4094 memoriam
2634 4023 2910 4097 Scotica
2942 4027 3206 4098 recolat
3250 4049 3361 4097 ec-

569 4139 805 4222 clesia,
855 4163 947 4210 ex
999 4139 1376 4211 annalibus
1435 4139 1874 4210 nostratibus
1919 4140 2100 4210 scire
2143 4139 2393 4231 potui:
2444 4160 2803 4231 anonymo
2851 4150 3091 4212 tamen
3142 4143 3361 4234 scrip-

566 4256 709 4326 tori
743 4254 958 4328 Scoto
992 4255 1114 4326 lib.
1151 4257 1240 4326 de
1270 4254 1736 4346 Antiquitate
1777 4253 2092 4324 Scoticae
2143 4252 2505 4325 Ecclesiae
2556 4255 2844 4326 videtur
2892 4255 3159 4328 festum
3204 4257 3362 4351 ejus

565 4371 778 4442 recoli
799 4371 1144 4463 postridie
1169 4371 1440 4442 calend.
1463 4370 1769 4451 Quintil.
1816 4368 2101 4441 Viderit
2121 4370 2297 4462 ipse.
2343 4369 2555 4440 Certe
2576 4370 2931 4442 breviaria
2950 4371 3225 4442 Scotica
3244 4373 3361 4443 die

565 4502 808 4556 XVIII.
846 4485 1028 4556 Maii
1061 4487 1333 4557 cultum
1369 4487 1645 4567 volunt,
1679 4495 1754 4556 et
1786 4485 2100 4576 primum
2142 4483 2365 4556 fuisse
2398 4484 2897 4557 Glascoensem
2930 4487 3360 4558 archidiaco-

563 4623 758 4672 num.
863 4601 1164 4694 Scripsit

861 4717 1296 4812 Kentigerni
1334 4717 1676 4811 Magistri
1709 4715 1958 4788 Vitam
2452 4716 2575 4788 lib.
2616 4735 2667 4787 1.
2820 4783 2831 4795 ,

859 4831 1132 4903 Contra
1164 4831 1384 4904 Ritus
1421 4831 1896 4907 Ethnicorum
2452 4833 2576 4904 lib.
2614 4851 2666 4903 1.
