4384 5817
1243 567 1598 638 GENTls
1645 546 2203 648 soffrenum,
2250 564 2431 634 Lm.
2478 564 2610 632 111.
3182 561 3312 626 153

815 759 1102 832 Monita
1133 759 1476 830 salutaria
2296 756 2421 828 lib.
2460 773 2517 826 1.

813 875 1178 948 Ecclesiae
1211 873 1532 946 Scoticae
1563 873 1928 946 Successio
2296 872 2421 944 lib.
2458 891 2513 943 1.
2548 870 2749 942 Citat
2778 870 2829 941 J
2830 891 3095 942 oannes
3130 868 3309 941 For-

917 993 1179 1074 dunus,
1245 991 1438 1083 quod
1507 1013 1686 1082 opus
1751 989 2032 1061 utinam
2099 987 2311 1058 hodie
2390 997 2712 1072 extaret3
2798 993 2988 1058 certe
3071 981 3311 1055 Scotia

907 1115 1330 1180 ornamenta
1411 1127 1564 1188 sua,
1648 1105 1908 1260 quibus
1993 1104 2176 1174 nulli
2259 1105 2460 1197 genti
2545 1103 2912 1174 videretur
2986 1099 3306 1183 inferior,

831 1223 1223 1294 haberet.

808 1339 933 1412 Ad
968 1337 1244 1432 Regem
1277 1359 1412 1429 pro
1444 1336 1632 1408 Pace
1665 1336 2092 1408 stabilienda
2296 1333 2423 1404 lib.
2462 1353 2515 1404 1.

609 1453 814 1526 Obiit
853 1455 1040 1524 circa
1085 1473 1356 1524 annum
1406 1469 1560 1523 Mx.
1661 1451 2090 1522 Sanctorum
2139 1451 2304 1521 albo
2349 1450 2743 1541 ascriptum
2790 1449 3041 1520 scribit
3086 1421 3311 1520 Scoti-

513 1569 916 1652 chronicon,
949 1576 1024 1640 et
1055 1569 1324 1658 templa
1373 1569 1441 1638 ei
1485 1577 1722 1638 erecta
1765 1569 2145 1638 testantur.
2196 1566 2482 1638 Colitur
2515 1583 2627 1636 IV.
2664 1565 2869 1650 Maii,
2917 1567 3309 1636 translatus

519 1702 592 1756 v.
628 1683 1006 1756 Februarii
1039 1705 1228 1755 anno
1263 1699 1564 1754 Dchx.
1647 1681 1836 1754 Vide
1867 1681 2004 1752 hoc
2037 1681 2223 1754 libro
2254 1703 2477 1773 supra
2510 1682 2589 1752 in
2623 1681 2697 1754 S.
2739 1681 2985 1754 Como.

1419 1912 1494 1984 S.
1547 1911 2124 1986 CONNANUS.
2232 1910 2398 1985 256.

513 2146 614 2220 IN
645 2145 720 2218 S.
757 2147 1106 2219 Connano
1135 2169 1304 2218 rara
1333 2147 1612 2242 ingenii
1647 2147 2084 2228 felicitas‚'et
2125 2147 2433 2240 simplex
2478 2168 2761 2219 morum
2804 2147 3109 2218 candor:
3162 2149 3311 2239 epi-

511 2264 776 2356 seopali
809 2263 1164 2357 dignitate
1197 2261 1550 2334 Senticam
1585 2263 1950 2334 ecclesiam
1975 2273 2260 2334 rexerat
2286 2287 2371 2335 eo
2394 2265 2773 2356 praecipue
2798 2272 3139 2355 tempore,
3166 2285 3311 2357 quo

511 2379 746 2474 reguli
793 2376 1024 2473 Angli
1074 2378 1556 2473 legationibus
1605 2377 1698 2448 ad
1745 2399 1950 2472 reges
1999 2389 2283 2450 nostros
2332 2379 2571 2450 missis
2617 2381 2941 2450 doctores
2986 2380 3314 2450 erudien-

511 2494 604 2572 ‚do
667 2493 937 2586 populo
1001 2514 1135 2564 suo
1202 2500 1639 2584 acceperant,
1698 2501 1784 2563 ut
1835 2489 2339 2589 Vigorniensis
2398 2495 2813 2578 monachus,
2872 2493 3311 2590 SigebertuS,

515 2607 1017 2704 Uspergensis,
1066 2607 1472 2700 Polydorus
1515 2604 1870 2702 Virgilius
1915 2610 2040 2681 lib.
2081 2627 2192 2681 IV.
2245 2610 2446 2682 Hist.
2492 2633 2658 2706 pag.
2696 2627 3025 2681 Lxxvn.
3072 2618 3145 2680 et
3191 2610 3313 2680 alii

512 2733 893 2798 testantun
995 2723 1114 2796 Ea
1143 2732 1300 2794 tum
1335 2732 1758 2814 tempestate
1789 2725 2148 2818 plerisque
2179 2748 2346 2798 cum
2380 2727 2455 2798 S.
2493 2727 2828 2798 Finnano
2862 2734 2933 2796 et
2978 2723 3053 2795 S.
3091 2722 3315 2795 Aida-

509 2863 605 2913 no
636 2840 716 2911 in
748 2839 1094 2936 Angliam
1129 2839 1484 2934 evangelii
1518 2841 1973 2930 praedicandi
2021 2844 2263 2936 gratia
2308 2841 2669 2934 profectis,
2719 2840 3131 2924 ConnanuS,
3178 2839 3316 2911 Co-

510 2955 914 3040 lumbanus,
947 2955 1410 3040 Chroniacus,
1444 2954 1774 3039 Dimaus‚
1810 2955 2224 3050 Bigitanus,
2258 2967 2331 3028 et
2364 2956 2789 3041 Damianus,
2825 2957 3137 3048 episcopi
3170 2957 3319 3026 exi·

509 3071 694 3158 miae
726 3073 1041 3164 pietatis,
1091 3072 1566 3142 sanctimonia
1611 3073 1951 3155 illustres,
1992 3072 2184 3143 domi
2236 3074 2734 3145 consederunt.
2791 3072 3002 3144 Hect.
3056 3071 3313 3143 Boeth.

511 3185 630 3259 lib.
669 3205 787 3260 lx.
825 3187 1105 3259 Histor.
1143 3185 1330 3258 Scot.
1367 3209 1533 3282 pag.
1571 3204 1915 3256 chva
2018 3186 2209 3280 Ejus
2242 3198 2464 3260 sunt:

805 3303 940 3375 Pia
972 3300 1353 3393 Exempla,
1388 3323 1480 3373 ex
1512 3301 1638 3373 SS.
1676 3300 2016 3374 Patribus
2051 3305 2330 3387 selecta,
2606 3305 2732 3376 lib.
2771 3325 2821 3377 1.

805 3418 1317 3490 Meditationes
2608 3421 2731 3491 lib.
2772 3439 2822 3490 1.

811 3532 1177 3606 Homiliae
2597 3537 2722 3608 lib.
2766 3556 2817 3609 1.

609 3649 951 3722 Florebat
975 3673 1093 3722 an.
1123 3667 1490 3734 DcLXIV.‚
1522 3650 1930 3746 Episcopus
1965 3653 2084 3724 hic
2117 3651 2560 3738 Sodorensis,
2596 3654 2674 3724 in
2708 3653 3042 3723 divorum
3076 3654 3317 3724 album

512 3765 801 3848 relatus,
837 3767 1203 3838 colebatur
1236 3769 1504 3862 insigni
1537 3768 1938 3841 devotione.
1986 3767 2037 3838 J
2037 3791 2197 3841 oan.
2236 3769 2576 3840 Leslaeus
2609 3769 2734 3839 lib.
2774 3787 2883 3839 lv,
2920 3791 3085 3864 pag.
3124 3787 3310 3840 CLV.

519 3878 1068 3973 Ferquhardum
1135 3903 1378 3975 regem
1443 3883 1560 3976 pie
1627 3885 1968 3955 instituit.
2079 3882 2384 3956 Arnold.
2457 3881 2701 3956 Uvion
2768 3884 2889 3955 lib.
2964 3902 3085 3956 111.
3154 3907 3321 3980 pag.

513 4013 906 4068 ccccxm.
995 3995 1280 4068 Colitur
1315 4015 1552 4068 xxxv,
1587 3996 1943 4071 Novemb.

1423 4230 1496 4302 S.
1548 4230 2062 4304 CORMANU
2062 4232 2136 4303 S.
2242 4237 2409 4312 257.

451 4557 460 4562 -
509 4458 582 4530 S.
649 4455 1137 4545 comanus,
1215 4461 1876 4534 Northumbromm
1961 4464 2240 4555 primus
2319 4469 2705 4557 apostolus,
2798 4475 2871 4539 et
2952 4467 3077 4538 SS.
3164 4467 3325 4538 albo

515 4575 892 4666 ascriptus.
976 4576 1025 4647 J
1027 4600 1186 4648 oan.
1241 4577 1582 4648 Leslaeus
1632 4580 1756 4651 lib.
1797 4598 1905 4652 IV.
1950 4602 2115 4676 pag.
2156 4598 2445 4653 CLVIII.
2500 4590 2547 4626 “
2576 4582 2716 4655 Vir
2746 4585 3013 4678 gravis,
3069 4594 3143 4653 et
3170 4605 3328 4653 eru-

515 4689 788 4762 ditione
837 4691 1130 4786 vitaque
1179 4694 1510 4788 insignis,
1569 4696 1832 4767 missus
1891 4705 2000 4768 est
2059 4697 2150 4767 ad
2210 4696 2743 4771 Northumbros
2806 4699 3078 4769 Christi
3143 4698 3322 4791 dog·

513 4815 706 4880 mate
737 4807 1281 4902 instituendos,'’
1327 4810 1432 4880 ait
1467 4809 1566 4880 H.
1602 4809 1956 4882 Boethius
1987 4811 2112 4884 lib.
2151 4829 2268 4884 1x.
2323 4811 2521 4887 Hist.
2557 4813 2748 4888 Scot.
2794 4837 2959 4910 pag.
2998 4829 3309 4883 CLXXV.

1903 4943 1966 4998 x
