4384 5817
1129 583 1260 654 290
1902 579 2375 649 HISTORIA
2419 578 3173 650 ECCLESIASTICA

1232 775 1548 848 Vivebat
1578 796 1769 847 anno
1802 789 2198 846 mcccclx.
2298 772 2490 848 Acta
2527 774 2844 846 nationis
2889 771 3358 848 Germanicae
3401 775 3494 847 ad
3539 774 3706 849 DD.
3755 777 3932 850 Cos-

1130 915 1289 966 mae
1322 900 1397 965 et
1430 891 1791 966 Damiani.

1906 1123 2216 1198 ELIAS
2264 1123 2870 1200 FORBASSUS.
2973 1131 3145 1210 529.

1132 1361 1393 1434 ELIAs
1444 1361 1867 1448 Forbassus,
1921 1363 2038 1433 vir
2086 1362 2370 1448 nobilis,
2423 1363 2550 1434 diu
2607 1361 2686 1432 in
2743 1360 3176 1448 Gemaniis,
3235 1361 3474 1448 Italia,
3531 1360 3932 1459 Galliisque

1132 1480 1394 1551 studiis
1448 1479 1649 1552 dedit
1702 1499 2018 1573 operam,
2076 1487 2152 1550 et
2209 1501 2374 1551 cum
2431 1477 2624 1552 Pisis
2675 1481 3090 1554 doctoratus
3147 1484 3422 1576 apicem
3475 1485 3928 1576 percepisset,

1136 1598 1215 1666 in
1289 1595 1605 1670 Scotiam
1671 1596 1909 1680 rediit,
1975 1617 2123 1687 quo
2188 1605 2510 1688 tempore
2577 1593 2980 1669 Gulielmus
3039 1597 3528 1683 Turnebulus,
3585 1599 3930 1692 archiepi-

1136 1735 1391 1806 scopus
1426 1711 1897 1797 Glascoensis,
1948 1734 1995 1783 a
2036 1711 2111 1782 N
2113 1712 2339 1783 icolao
2379 1710 2472 1783 V.
2514 1713 2640 1808 jus
2691 1713 3094 1786 academiae
3141 1713 3597 1806 impetrabat,
3645 1717 3931 1812 collegi-

1128 1851 1395 1922 umque
1450 1829 1753 1923 pccunia
1810 1851 1945 1901 sua
1992 1827 2454 1924 magnificum
2513 1827 2882 1924 erigebat3
2941 1837 3162 1922 atque
3217 1831 3338 1902 bic
3393 1831 3686 1924 quidem
3734 1832 3930 1903 illius

1128 1945 1529 2018 academiae
1562 1945 1839 2038 primus
1886 1946 1966 2016 in
2008 1945 2468 2039 philosophia
2510 1947 2755 2028 lector,
2805 1945 2884 2016 in
2933 1966 3078 2038 quo
3127 1967 3426 2019 munere
3473 1969 3640 2019 cum
3687 1948 3928 2020 decem

1125 2081 1351 2132 annos
1410 2061 1864 2154 explevisset,
1924 2071 1997 2134 et
2050 2083 2199 2132 non
2251 2061 2390 2134 sibi
2443 2060 2678 2146 modo,
2736 2082 2987 2133 verum
3039 2061 3258 2134 etiam
3309 2063 3646 2136 omnibns
3695 2064 3928 2134 erudi-

1124 2179 1219 2250 tis
1252 2175 1737 2263 satisfecisset,
1783 2179 2110 2252 ordinem
2158 2178 2234 2250 S.
2271 2177 2638 2252 Francisci
2685 2179 3076 2276 ingressus,
3122 2181 3202 2252 in
3248 2179 3436 2253 bona
3481 2189 3766 2253 senecta
3809 2180 3924 2250 de-

1126 2295 1358 2367 cessit.
1462 2291 1768 2387 Scripsit

1418 2409 1769 2484 Lecturas
1804 2411 2350 2506 Philosophicas
2915 2413 3040 2485 lib.
3079 2429 3133 2485 1.

1422 2527 1808 2601 Orationes
1840 2526 2309 2601 Academicas
2909 2530 3035 2602 lib.
3073 2547 3128 2600 1.

1420 2641 1655 2736 Super
1686 2643 2157 2718 Aristotelem
2913 2645 3038 2718 lib.
3079 2663 3131 2718 1.

1222 2758 1543 2832 Docebat
1576 2758 1919 2832 Glascoae
1951 2785 2143 2834 anno
2180 2779 2592 2837 Mccccnv.

2036 2995 2111 3068 S.
2166 2993 2736 3070 FASTIDIUS.
2838 3000 3008 3070 530.

1124 3228 1199 3300 S.
1236 3227 1687 3302 FASTIDms
1720 3228 2228 3322 antiquissima
2259 3231 2606 3302 memoria
2637 3231 3096 3304 doctissimus
3127 3231 3547 3320 habebatur,
3581 3259 3624 3307 e
3665 3242 3926 3311 monti-

1122 3345 1257 3418 bus
1290 3345 1571 3418 Scotiae
1604 3345 2111 3428 Occidentalis,
2162 3367 2308 3437 qua
2339 3354 2546 3438 parte
2597 3344 3030 3420 Hiberniam
3069 3349 3508 3442 despectant,
3549 3353 3920 3426 oriundus.

1124 3471 1168 3502 ‘⁴
1194 3459 1670 3534 Britanorum
1705 3461 2146 3554 episcopus,”
2178 3462 2284 3533 ait
2321 3459 2692 3536 Honorius
2725 3462 3412 3561 Augustodunensis
3435 3467 3624 3540 libro
3655 3471 3746 3542 de
3781 3471 3924 3544 Lu-

1120 3577 1295 3650 min.
1332 3575 1749 3651 Ecclesiast.
1786 3585 1860 3650 et
1896 3575 2257 3650 Trithem.
2305 3578 2394 3649 de
2437 3577 2700 3674 Script.
2747 3577 3022 3653 Eccles.
3074 3604 3242 3678 pag.
3277 3599 3584 3657 conns.
3691 3585 3920 3681 Scrip-

1122 3705 1335 3782 serat,
1372 3704 1461 3768 ut
1492 3696 1571 3767 in
1606 3694 1933 3767 Indiculo
1967 3694 2342 3788 cujusdam
2377 3695 2568 3768 docti
2602 3706 2678 3769 et
2709 3699 2986 3790 patriae
3017 3698 3324 3772 studiosi
3357 3699 3688 3787 babetur,

1418 3811 1827 3884 chronicon
1862 3809 2242 3882 Scotorum
2907 3813 3032 3885 lib.
3069 3832 3125 3886 1.

1415 3925 1531 3997 De
1561 3926 1742 4000 Vita
1773 3925 2191 3998 Christiana
2915 3928 3042 4002 lib.
3079 3947 3132 4000 ι.
3236 3929 3361 4003 Ad
3393 3930 3743 4006 Fotalem.

1419 4041 1535 4115 De
1572 4041 1944 4115 Viduitate
1976 4044 2334 4115 servanda
2909 4047 3037 4119 lib.
3073 4063 3126 4117 1.
3232 4047 3462 4121 Iidem
3513 4053 3639 4144 qui
3707 4075 3924 4147 supra

1515 4167 1867 4242 auctores,
1904 4157 2047 4229 nisi
2079 4159 2276 4253 quod
2309 4157 2758 4235 Trithemius
2789 4161 3010 4234 habet

1420 4274 1536 4346 De
1566 4273 1919 4346 Doctrina
1948 4273 2366 4350 Christiana
2909 4277 3034 4351 lib.
3073 4297 3125 4351 1.
3227 4277 3405 4364 Alii,

1421 4390 1534 4463 De
1568 4391 1750 4462 Fide
1782 4387 2200 4464 Christiana
2909 4393 3036 4468 lib.
3073 4415 3126 4468 1.

1220 4506 1539 4582 Vivebat
1572 4528 1762 4579 anno
1798 4523 2143 4580 ccccm..
