4384 5817
1310 515 1668 588 GENTIS
1711 515 2273 600 scoToRUM,
2320 517 2501 588 LIB.
2548 518 2643 586 11.
3308 521 3395 586 77

877 706 1428 802 Expositionem
1462 707 1798 780 Psalterii
2071 719 2080 726 ’
2468 709 2595 781 lib.
2632 725 2687 780 1.

875 821 1382 896 collectionem
1415 820 1794 898 canonum
1825 841 2190 898 sacrorum
2458 824 2585 896 lib.
2624 843 2678 896 1.

872 936 987 1010 De
1036 936 1401 1030 Baptismi
1450 937 1925 1012 Caerimoniis
1973 935 2427 1034 Epistolam3
2487 961 2706 1033 quam
2763 940 2951 1012 male
3014 936 3381 1012 Henricus

969 1051 1306 1126 canisius
1361 1051 1658 1126 Alcuini
1725 1050 1920 1125 Scoti
1979 1055 2269 1126 nomine
2327 1053 2742 1147 publicavit,
2800 1077 2965 1128 cum
3020 1053 3097 1126 S.
3158 1053 3375 1128 Barri

963 1189 1145 1260 opus
1177 1189 1332 1240 esse
1362 1168 1606 1260 ipsum
1651 1188 1914 1242 nomen
1956 1169 2354 1260 praefixum
2396 1171 2478 1242 in
2522 1169 2951 1243 bibliotheca
2993 1172 3193 1266 regia
3236 1181 3377 1242 tes·

967 1292 1188 1368 tetur,
1233 1291 1308 1354 et
1349 1283 1492 1354 viri
1536 1282 1640 1376 pii
1685 1304 1878 1368 cura,
1921 1285 2051 1376 qui
2095 1295 2517 1376 pereuntem
2556 1286 2989 1358 sanctissimi
3020 1285 3370 1358 antistitis

965 1398 1384 1472 memoriam
1433 1399 1778 1482 restituit,
1827 1399 2022 1472 hisce
2062 1399 2387 1492 apicibus
2432 1420 2731 1494 operum
2776 1421 3059 1472 mecum
3090 1399 3367 1494 pridem

967 1515 1532 1588 communicatis.

665 1632 948 1710 Claruit
987 1651 1178 1708 anno
1225 1647 1600 1707 MLxxlx.
1651 1630 1958 1715 Colitur,
2003 1633 2291 1724 templis
2335 1641 2411 1707 et
2452 1632 2601 1706 aris
2644 1633 2893 1706 multis
2943 1632 3152 1727 regni
3198 1631 3373 1704 locis

563 1753 840 1835 erectis,
874 1749 990 1821 die
1023 1763 1228 1820 xxm
1263 1743 1624 1841 Septemb.
1707 1744 2039 1820 Breviar.
2073 1746 2334 1821 Scotic.
2418 1746 2611 1822 Acta
2640 1749 2946 1822 certiora
2976 1748 3366 1844 perierunt.

1557 1975 1634 2050 S.
1685 1975 2044 2050 BLANU
2045 1977 2120 2050 S.
2225 1976 2396 2053 136.

559 2215 634 2286 S.
687 2215 1034 2288 Remus
1081 2223 1157 2286 et
1205 2212 1708 2286 ardentissimo
1755 2213 2046 2307 pietatis
2097 2225 2269 2287 voto
2319 2215 2533 2287 vivus
2582 2215 2930 2309 populum
2990 2235 3205 2286 suum
3255 2235 3365 2286 re-

564 2331 698 2417 xit,
761 2340 835 2403 et
883 2329 1332 2404 creberrimis
1382 2327 1765 2400 defunctus
1813 2329 2176 2403 miraculis
2226 2331 2535 2424 adjuvit,
2584 2338 2661 2403 et
2706 2331 2861 2424 ipse
2910 2351 3003 2402 ex
3050 2329 3364 2412 Culdeis,

560 2455 915 2539 quantum
975 2445 1324 2540 suspicari
1383 2443 1574 2526 licet,
1631 2443 1932 2515 antistes
1999 2448 2266 2518 electus
2332 2447 2773 2538 episcopatui
2842 2445 3365 2517 Dumblanensi

561 2563 1112 2655 appellationem
1173 2561 1400 2634 dedit.
1531 2555 1784 2630 Vitam
1851 2559 2011 2656 eJus
2088 2559 2445 2656 Georgius
2526 2560 2603 2634 N
2602 2570 2933 2646 eutonus,
3017 2559 3369 2632 Dumbla·

559 2677 804 2750 nensis
835 2675 1399 2759 archidiaconus,
1433 2684 1544 2748 est
1575 2675 2010 2766 complexus.
2045 2697 2231 2768 quae
2262 2675 2413 2748 fere
2446 2677 2551 2748 sic
2582 2699 2660 2751 se
2692 2677 2933 2750 habet.
2986 2675 3061 2748 S.
3099 2674 3369 2747 Catha-

558 2815 722 2878 nus,
757 2793 1128 2885 episcopus
1163 2791 1583 2873 Hiberniae,
1619 2799 1708 2861 ut
1739 2790 2104 2864 solitariae
2139 2791 2335 2864 vitae
2366 2792 2761 2884 impensius
2806 2801 3117 2875 vacaret,
3160 2791 3372 2862 venit

558 2911 638 2981 in
695 2908 1012 2982 insulam
1043 2905 1424 2980 Senticam
1479 2903 1776 2990 Butam,
1837 2926 2125 2999 unaque
2191 2929 2435 2980 secum
2498 2907 2711 2980 duxit
2773 2929 3091 2982 sororem
3158 2927 3367 2978 suam

558 3025 844 3098 unicam
891 3021 1229 3106 Ertham,
1277 3044 1464 3116 quae
1509 3043 1774 3114 aquam
1821 3021 2173 3096 haustura
2220 3023 2433 3096 domo
2474 3022 2663 3098 forte
2712 3044 3111 3118 progressa,
3160 3044 3207 3093 a
3244 3023 3367 3116 ju-

560 3161 741 3213 vene
787 3137 1330 3222 formosissimo,
1379 3136 1660 3230 sibique
1707 3138 1981 3234 ignoto,
2031 3159 2165 3230 per
2212 3138 2365 3210 vim
2413 3147 2525 3210 est
2573 3159 3019 3233 compressa3
3071 3158 3165 3210 ex
3220 3159 3367 3230 quo

561 3254 944 3328 concubitu
1001 3252 1076 3325 S.
1137 3253 1416 3326 Blanus
1475 3261 1718 3338 natus,
1775 3254 1903 3345 qui
1959 3275 2128 3326 cum
2181 3265 2417 3328 matre
2474 3253 2739 3350 exiguo
2802 3253 3037 3327 lembo
3104 3275 3193 3326 ex
3252 3275 3365 3324 co-

563 3374 672 3445 rio
721 3370 988 3444 bovino
1035 3370 1440 3462 impositus,
1489 3378 1581 3440 ut
1624 3378 1701 3440 et
1748 3369 2078 3440 adultera
2123 3377 2199 3441 et
2245 3379 2499 3462 partus
2548 3369 2767 3440 simul
2814 3369 2893 3439 in
2942 3371 3127 3440 mari
3176 3372 3365 3461 peri-

559 3499 744 3570 rent,
802 3487 926 3558 sed
985 3483 1126 3558 Dei
1181 3485 1624 3579 benignitate
1673 3485 1754 3555 in
1811 3492 2106 3576 portum
2163 3505 2510 3577 myoparo
2563 3485 2929 3576 applicuit,
2988 3506 3153 3554 cum
3208 3493 3365 3555 toto

563 3603 818 3676 itinere
874 3603 1030 3674 avis
1089 3601 1440 3694 quaedam
1497 3599 1842 3694 grandior
1899 3599 2127 3691 pisces
2186 3600 2481 3671 alendae
2534 3620 2927 3691 puerperae
2974 3599 3360 3670 attulisset.

559 3716 832 3790 Litto'ri
877 3717 1254 3808 applicitos
1301 3712 1430 3784 SS.
1481 3713 1873 3808 congallus
1922 3723 1997 3787 et
2043 3713 2474 3787 Kennethus
2528 3713 3177 3806 deprehenderunt,
3233 3717 3361 3808 qui

559 3833 666 3906 rei
733 3833 1040 3904 veritate
1105 3839 1488 3921 comperta,
1557 3829 2014 3922 baptismatis
2077 3829 2278 3902 fonte
2336 3851 2641 3921 puerum
2700 3829 3027 3913 bearunt,
3096 3831 3225 3923 qui
3280 3831 3358 3902 in

561 3949 832 4040 pietate
863 3957 938 4018 et
983 3946 1214 4018 literis
1259 3945 1398 4018 sub
1439 3945 1730 4018 illorum
1775 3965 1946 4017 cura
1989 3943 2287 4016 mirifice
2330 3942 2653 4036 profecit,
2698 3965 2781 4014 ac
2825 3945 3119 4016 tandem
3161 3945 3362 4018 adul-

558 4065 704 4135 tior
749 4059 1006 4145 factus,
1056 4059 1270 4132 venia
1317 4060 1409 4132 ab
1457 4061 1786 4153 episcopo
1833 4063 2239 4152 impetrata,
2292 4059 2565 4132 Butam
2612 4059 2926 4152 repetiit,
2975 4061 3103 4132 ubi
3136 4083 3363 4133 avun-

559 4179 804 4251 culum
850 4197 1064 4250 suum
1109 4175 1520 4248 Catbanum
1556 4177 1713 4271 jam
1759 4177 1960 4248 senio
2002 4176 2315 4248 fractum
2359 4175 2701 4260 offendit3
2754 4199 2799 4247 a
2841 4198 3010 4269 quo,
3055 4186 3211 4248 tota
3256 4178 3362 4248 vi-

559 4303 680 4365 tae
728 4291 914 4363 serie
955 4293 1274 4386 cognita,
1325 4293 1418 4362 ad
1467 4293 1752 4364 eosdem
1795 4293 2160 4384 episcopos
2205 4290 2547 4364 remissus
2590 4300 2725 4376 est,
2768 4300 2855 4363 ut
2896 4311 3138 4364 sacros
3168 4293 3361 4364 ordi-

559 4429 688 4480 nes
721 4406 816 4479 ab
845 4407 940 4478 iis
971 4407 1341 4498 reciperet.
1445 4405 1641 4480 Tum
1675 4407 1986 4480 Romam
2029 4409 2398 4491 concessit,
2442 4417 2529 4482 ut
2574 4429 2777 4480 sacra
2806 4408 2963 4480 loca
2992 4408 3358 4492 inviseret,

557 4538 655 4596 et·
689 4545 740 4595 a
797 4543 1083 4594 summo
1138 4522 1476 4614 pontifice
1533 4522 2043 4596 benedictionis
2101 4543 2368 4594 munus
2430 4535 3030 4616 consequeretur:
3110 4523 3191 4594 in
3244 4545 3357 4594 re·

559 4660 816 4732 gressu
883 4635 1254 4710 Gallorum
1317 4638 1511 4734 regis
1578 4637 1967 4710 amicitiam
2035 4639 2457 4729 promeruit,
2526 4647 2627 4740 et⁵
2672 4637 3082 4732 Anglorum
3158 4639 3353 4731 regis

561 4751 790 4826 filium
849 4753 1268 4828 defunctum
1325 4754 1666 4828 excitavit
1724 4753 1818 4828 ad
1857 4753 2115 4827 .vitam.
2175 4752 2525 4828 ‹Demum
2577 4753 2987 4846 beatissima
3036 4753 3189 4826 vita
3236 4753 3353 4824 de-
