4384 5817
1059 468 1146 530 80
1832 460 2303 532 HISTORIA
2348 458 3101 530 ECCLESIASTICA

1364 655 1490 727 Ad
1511 651 1969 749 Thuringios
2846 650 2973 721 lib.
3012 665 3067 721 1.

1165 772 1447 861 Claruit
1481 792 1672 844 anno
1707 786 2003 841 DchV.
2032 778 2160 841 aut
2183 768 2487 840 circiter.
2586 765 2869 839 Colitur
2896 781 3035 837 ιν.
3066 764 3323 837 Martii
3356 776 3431 837 et
3454 783 3692 839 xxvl.
3720 769 3867 839 Oc-

1065 889 1312 961 tobris.

2053 1082 2128 1153 S.
2181 1078 2643 1152 AMANUS.
2747 1080 2869 1155 37.

1065 1234 1140 1306 S.
1210 1234 1580 1307 Auru-ms
1643 1254 1835 1305 unus
1901 1253 1991 1304 ex
2057 1232 2148 1301 iis
2216 1230 2623 1320 apostolicis
2690 1230 2869 1301 viris
2925 1230 3077 1322 qui,
3134 1228 3299 1303 fidei
3359 1235 3865 1329 propagandae

1067 1351 1397 1433 studiosi,
1429 1348 1670 1421 Scotia
1701 1349 1781 1419 in
1811 1346 2237 1419 Germanias
2268 1347 2727 1431 transierant,
2778 1354 2864 1417 ut
2910 1344 3179 1418 Lazius
3218 1346 3501 1419 abunde
3542 1350 3625 1419 in
3668 1350 3865 1421 Aus-

1064 1466 1231 1550 tris,
1279 1466 1568 1558 aliique.
1670 1462 1814 1535 Hic
1863 1484 2035 1557 erg-o
2083 1483 2128 1532 a
2177 1460 2253 1531 S.
2306 1460 2683 1533 Bonifacio
2732 1484 2815 1533 eo
2863 1462 3288 1546 destinatus,
3336 1463 3417 1533 in
3473 1461 3865 1535 Bavariam

1067 1581 1497 1675 penetravit,
1545 1587 1620 1651 et
1662 1580 1854 1650 inter
1899 1579 2258 1670 apostolos
2305 1578 2543 1672 gentis
2589 1577 2903 1663 habitus,
2950 1580 3305 1671 martyrio
3336 1588 3741 1663 coronatur,
3776 1588 3863 1650 ut

1063 1701 1145 1771 in
1177 1696 1496 1769 Bavaria
1525 1696 1787 1769 Sancta
1820 1696 2237 1767 Matthaeus
2270 1692 2599 1767 Raderus
2634 1704 2905 1767 auctor.
2992 1694 3411 1787 supervixit
3442 1706 3684 1769 autem
3719 1695 3863 1767 Bo-

1063 1813 1311 1887 nifacii
1343 1814 1770 1906 apostolatu.
1867 1810 2173 1903 Scripsit
2204 1830 2378 1881 vero

1369 1928 1725 1999 Homilias
1759 1924 2186 1997 Sanctorum
2854 1927 2978 1999 lib.
3016 1945 3069 1997 1.

1364 2041 1638 2116 Contra
1665 2040 2107 2113 Clementem
2139 2039 2435 2111 Scotum
2856 2042 2980 2113 lib.
3016 2060 3071 2112 1.

1165 2158 1433 2232 Passus
1465 2166 1578 2230 est
1609 2180 1798 2229 anno
1835 2172 2234 2228 nccnvm.
2282 2156 2399 2225 die
2433 2170 2605 2226 xvn
2641 2153 3013 2229 Decembr.
3102 2156 3318 2231 Alius
3350 2154 3681 2231 Amanus
3716 2160 3864 2250 epi-

1067 2296 1321 2368 scopus
1357 2272 1609 2345 Gallus
1642 2272 1838 2364 apud
1870 2270 2174 2343 Petrum
2210 2270 2334 2341 lib.
2372 2288 2453 2341 x.
2488 2270 2817 2365 Catalogi
2850 2292 3003 2363 cap.
3042 2290 3276 2345 Lxm.

2009 2497 2083 2568 S.
2135 2496 2699 2573 ANNIANUS.
2804 2507 2922 2575 38.

1069 2736 1144 2809 S.
1196 2731 1678 2814 ANNIANUS,
1728 2728 2271 2801 archidiaconus
2326 2726 2765 2815 Laudoniae,
2828 2752 2959 2804 seu
3009 2730 3484 2816 Maeatarum,
3534 2741 3618 2804 ut
3666 2734 3855 2825 apud

1071 2848 1559 2945 Reginaldum
1589 2845 2026 2917 cardinalem
2059 2843 2134 2913 in
2177 2842 2510 2917 Historia
2541 2844 2841 2931 Scotica,
2888 2868 3053 2921 cum
3097 2847 3192 2918 ad
3234 2848 3390 2919 loca
3420 2856 3669 2919 sancta
3696 2868 3857 2919 con·

1070 2962 1564 3038 cionabundus
1596 2966 2036 3055 properaret,
2071 2980 2202 3051 per
2233 2958 2557 3032 Bavaros
2592 2962 2947 3035 transiens
2994 2963 3087 3035 ab
3114 2960 3518 3035 infidelibus
3549 2982 3859 3053 compre-

1067 3082 1358 3163 hensus,
1406 3079 1586 3153 diris
1629 3076 2062 3151 cruciatibus
2106 3073 2323 3147 vivus
2372 3075 2785 3150 combustus
2836 3086 3145 3159 enectus,
3190 3076 3453 3149 crebris
3496 3076 3857 3149 miraculis

1067 3196 1432 3268 electionis
1463 3216 1638 3266 suae
1667 3192 1882 3265 fidem
1911 3190 2333 3286 praestruit.
2403 3190 2676 3266 Fuerat
2698 3189 3109 3265 Adamanni
3136 3190 3421 3263 Coludii
3446 3191 3853 3283 discipulus·

1067 3310 1350 3404 Scripta
1380 3310 1472 3381 ab
1503 3332 1588 3381 eo
1613 3327 1634 3380 ε

1363 3423 1738 3517 Epistolae
1769 3422 1863 3495 ad
1897 3419 2174 3515 Regem
2208 3417 2837 3493 Ambirkelethum
2954 3419 3079 3493 lib.
3116 3438 3172 3493 1.

1365 3540 1739 3611 Sermones
1773 3537 1865 3607 ad
1902 3533 2257 3627 Populum
2948 3536 3073 3607 lib.
3111 3553 3167 3607 1.

1165 3656 1432 3727 Passus
1475 3661 1588 3725 est
1629 3652 1766 3723 sub
1803 3651 2051 3722 eodem
2093 3670 2285 3743 rege,
2331 3648 2727 3739 imperante
2772 3646 3012 3721 Leone
3062 3648 3161 3721 11.
3210 3670 3423 3742 quem
3468 3650 3852 3722 Leontium

1069 3778 1352 3850 vocant,
1387 3790 1576 3838 anno
1610 3781 2022 3839 ncxcvm.
2055 3762 2341 3835 Colitur
2365 3761 2483 3833 die
2506 3778 2680 3837 xm.
2708 3761 3080 3835 Decembr.
3127 3760 3219 3835 In
3256 3762 3570 3837 Bavaria
3598 3762 3855 3837 Sancta

1069 3884 1258 3953 idem
1294 3880 1645 3953 Raderus.

1983 4106 2058 4177 S.
2110 4102 2691 4177 ANTONINA.
2794 4110 2913 4185 39.

1077 4341 1152 4413 S.
1210 4337 1703 4419 ANTOMNA,
1763 4337 1970 4431 virgo
2027 4332 2411 4419 Ursulana,
2470 4336 2681 4408 sociis
2740 4330 3179 4411 Hunnorum
3238 4340 3671 4412 truculentia
3733 4340 3850 4411 ab·

1070 4454 1379 4547 sumptis
1413 4462 1794 4546 superstes,
1832 4452 2002 4523 alibi
2035 4460 2148 4523 est
2175 4470 2407 4543 passa.
2468 4451 2683 4523 Culta
2716 4468 2894 4525 111.
2928 4449 3283 4527 Januarii.
3351 4452 3625 4529 Canisii
3658 4454 3849 4527 Mar·
3908 4542 3917 4553 .

1070 4571 1512 4666 tyrologium
1545 4566 2072 4641 Germanicum.

1153 4684 1424 4757 Annus
1462 4686 1527 4757 ei
1561 4704 1727 4756 cum
1759 4683 1920 4756 aliis
1953 4681 2349 4756 communis
2385 4695 2661 4751 cul-lv.
