4384 5817
1240 555 1601 628 GENTIS
1642 553 2210 636 scoTORUM,
2255 553 2444 626 LIB.
2493 555 2586 624 11.
3235 557 3322 630 79

508 761 795 828 sanctos
826 767 1035 824 curas
1064 747 1391 822 dividere
1420 749 1695 833 solitos,
1724 757 1815 821 ut
1842 745 2210 822 nonnullis
2241 747 2338 820 ad
2365 746 2644 840 patriae
2673 747 2980 820 salutem
3011 746 3300 831 relictis,

508 869 633 942 alii
686 865 1042 962 evangelii
1092 864 1607 938 disseminandi
1654 863 1967 958 correpti
2014 863 2270 938 ardore
2315 873 2569 961 gentes
2619 863 3138 938 trammarinas
3186 883 3306 956 pe·

508 993 769 1058 terent.
871 979 1181 1074 Scripsit

809 1097 924 1169 De
956 1093 1377 1171 visionibus
1413 1095 1715 1170 Fui-saei
2391 1096 2518 1170 lib.
2556 1115 2610 1170 1.

608 1213 895 1288 Floruit
924 1209 1288 1286 confessor
1316 1231 1509 1285 anno
1540 1227 1731 1286 net..
1806 1210 2092 1286 Colitur
2122 1213 2240 1286 die
2273 1229 2449 1288 xvl.
2482 1212 2820 1288 Decemb.
2919 1211 3302 1307 Martyrol.

507 1329 797 1428 Anglie.
828 1337 917 1404 ut
944 1337 1019 1404 et
1050 1329 1235 1402 alter
1264 1347 1713 1422 synonymus
1742 1328 1995 1403 eodem
2025 1329 2145 1402 dis
2174 1331 2258 1402 in
2289 1325 2816 1427 Martyrologio
2852 1327 3200 1404 Romano.

1476 1557 1555 1631 S.
1602 1554 2040 1633 BRONUS.
2144 1563 2314 1640 139.

506 1791 579 1866 S.
615 1791 979 1877 Bnouus,
1014 1793 1169 1866 sive
1199 1789 1559 1876 Broonus,
1593 1791 1967 1887 episcopm
2010 1791 2291 1879 Scotus,
2333 1814 2554 1888 quem
2593 1791 2670 1865 S.
2713 1791 3021 1892 Brigida
3061 1796 3309 1894 ingen-

504 1909 563 1980 ti
597 1909 975 1993 calumnia,
1022 1907 1309 2002 publiea
1348 1907 1649 2001 synodo,
1698 1905 2049 1980 miraculo
2088 1905 2470 1996 liberavit3
2522 1931 2693 1983 nam
2735 1932 2902 1983 cum
2943 1911 3308 2005 impudica

504 2032 579 2097 et
610 2025 939 2096 adultera
966 2023 1249 2108 mulier,
1284 2021 1638 2094 infantem
1670 2023 1839 2094 sinu
1867 2032 2182 2118 gestans,
2219 2033 2550 2098 sanctum
2579 2025 2992 2119 episcopum
3023 2035 3302 2120 patrem

504 2139 663 2235 ejus
696 2139 1151 2224 mentiretur,
1182 2139 1395 2235 virgo
1426 2135 1569 2210 Dei
1600 2135 1955 2210 infantem
1986 2138 2187 2232 loqui
2225 2139 2475 2234 jussit,
2523 2141 2653 2235 qui
2701 2149 2776 2214 et
2823 2141 3300 2214 innocentiam

502 2250 579 2326 S.
614 2251 849 2326 Broni
878 2253 1163 2348 publice
1202 2255 1551 2339 elocutus,
1598 2261 1677 2326 et
1720 2253 1979 2326 matris
2026 2253 2400 2346 perfidiam
2449 2255 2833 2340 accusavit,
2885 2264 3304 2349 patremque

498 2391 718 2444 suum
750 2380 825 2444 et
856 2368 1285 2456 nominavit,
1318 2379 1393 2443 et
1424 2369 1705 2444 intento
1734 2368 1967 2466 digito
1990 2370 2450 2443 monstravit.
2483 2367 2592 2442 Et
2611 2391 2706 2442 ne
2727 2377 2978 2444 tantus
3001 2373 3302 2444 antistes

500 2485 713 2560 nobis
759 2487 1265 2580 praeripiatur,
1312 2487 1539 2559 verba
1582 2485 1745 2580 ipsa
1790 2485 2009 2558 Surio
2050 2493 2250 2558 tomo
2301 2503 2356 2558 1.
2405 2507 2574 2583 pag.
2625 2503 3031 2559 ccxnvm.
3081 2487 3304 2561 citata

504 2601 895 2678 sufficient:
930 2598 2946 2678 “MuliernobiliseSeotiafiliamhabebatanativitate
2973 2611 3300 2688 mutam3

502 2741 685 2806 eam,
720 2739 883 2792 cum
918 2729 1107 2792 esset
1128 2719 1503 2792 duodecim
1528 2739 1905 2802 annorum,
1938 2717 2153 2790 duxit
2184 2717 2280 2788 ad
2299 2716 2760 2814 .Brigidam.”
2831 2717 3021 2792 Eeee
3043 2721 3304 2792 mulier

500 2833 719 2908 Secta
748 2834 1015 2908 obtulit
1052 2834 1277 2908 filiam
1318 2833 1667 2932 Brigidae
1706 2835 1984 2918 Scotae,
2026 2841 2101 2905 et
2144 2834 2227 2904 in
2257 2831 2520 2920 Seotia‚
2573 2834 2892 2929 alioquin
2937 2836 3132 2910 enim
3177 2834 3304 2907 ali-

501 2971 722 3045 quam
754 2950 1035 3022 itineris
1068 2951 1529 3034 mentionem,
1575 2956 1708 3022 aut
1756 2951 2141 3046 trajectum
2189 2949 2414 3022 maris
2461 2951 2770 3044 scriptor
2815 2951 3160 3045 antiquus
3193 2951 3302 3024 in·

500 3067 823 3152 nuisset3
866 3074 943 3138 et
970 3065 1152 3159 quid
1180 3085 1451 3159 quaeso
1482 3085 1665 3160 opus
1696 3086 1785 3136 eo
1812 3085 2017 3150 aevo,
2052 3085 2202 3159 quo
2232 3072 2346 3137 tot
2375 3067 2607 3138 saneti
2639 3066 3024 3150 antistites,
3057 3087 3302 3142 mona-

500 3181 641 3267 ehi,
676 3182 1015 3256 eremitae
1045 3181 1127 3253 in
1150 3177 1393 3252 Seotia
1414 3188 1645 3264 eraut,
1672 3179 1767 3252 ad
1792 3179 2256 3254 Hirlandiam
2279 3179 2666 3277 confugere
2691 3179 2728 3250 Ρ
2759 3179 2868 3254 Et
2889 3181 3064 3254 haee
3087 3184 3304 3274 plana
3436 3253 3464 3282 „

498 3319 664 3371 reor
695 3306 1085 3392 apertaque
1116 3294 1351 3370 Sectis
1382 3297 1587 3382 meis,
1624 3297 1803 3368 adeo
1832 3297 2167 3371 omnibus
2200 3295 2610 3392 ubicunque
2639 3307 3000 3372 terrarum
3022 3298 3294 3384 doctis3

502 3409 1091 3485 Hirlandieorum
1138 3421 1765 3510 nugamentorum,
1815 3420 1889 3484 et
1937 3413 2018 3484 in
2064 3414 2304 3486 medio
2352 3410 2680 3486 vei-itatis
2727 3415 2878 3486 sole
2907 3415 3299 3488 caecutien-

494 3531 711 3612 tium,
745 3527 1297 3602 oblatrationem
1326 3527 1513 3602 nihil
1544 3549 1812 3601 moror.
1912 3525 2200 3622 Scripta
2231 3527 2624 3622 perierunt.

480 3638 492 3646 ’
598 3643 893 3717 Floruit
924 3664 1117 3717 anno
1147 3655 1357 3716 Dxx.
1460 3641 1637 3716 Dies
1668 3652 1745 3716 et
1774 3643 1999 3728 sedes,
2032 3652 2119 3716 ut
2150 3665 2364 3738 saepe
2395 3645 2594 3732 alias,
2625 3645 2924 3719 incerta.

1456 3875 1537 3948 S.
1590 3873 2061 3949 BOETIUS.
2166 3877 2338 3948 140.

494 4109 573 4181 S.
643 4107 1040 4194 Bon-mus,
1109 4107 1481 4202 apostolici
1546 4107 1869 4182 instituti
1935 4109 2411 4202 praedicator,
2477 4089 2806 4202 patriam'
2855 4109 3110 4184 lubens
3179 4114 3300 4186 de·

500 4225 747 4308 seruit,
805 4234 893 4295 ut
949 4225 1375 4320 peregrinus
1432 4245 1676 4296 amore
1733 4223 1873 4297 Dei
1930 4225 2154 4307 fieret,
2209 4225 2680 4321 gentiumque
2739 4227 2856 4298 vel
2903 4225 3299 4302 infidelium

498 4341 615 4412 vel
670 4341 753 4411 in
809 4337 949 4411 fide
1004 4340 1423 4414 nutantium
1482 4341 1760 4413 animos
1826 4339 2300 4414 confirmaret.
2425 4339 2566 4412 Sed
2621 4342 2962 4416 audiatur
3025 4361 3298 4439 anony-

500 4477 665 4530 mus
698 4465 953 4530 auctor
982 4456 1065 4527 in
1095 4453 1275 4528 Vita
1296 4454 1375 4527 S.
1402 4453 1723 4549 Eloquii,
1756 4458 2032 4530 relatus
2061 4477 2107 4527 a
2138 4455 2355 4529 Surio
2387 4465 2564 4530 tom.
2598 4473 2746 4529 vn.
2799 4465 2846 4500 ‘⁴
2875 4455 3100 4532 Venit
3129 4457 3302 4530 Elo-

493 4573 713 4665 quius
747 4571 840 4642 ad
874 4567 1276 4646 Galliarum
1294 4571 1558 4644 littora
1589 4593 1681 4644 ex
1716 4570 2111 4644 Hiberniae
2141 4573 2458 4668 regione,
2491 4594 2660 4646 eum
2695 4573 3054 4668 aliquibus
3089 4595 3298 4647 vene-

498 4686 845 4760 rabilibus
880 4687 1081 4774 viris,
1120 4686 1449 4760 videlieet
1484 4685 1830 4770 Fursaeo,
1866 4685 2218 4772 Foillano,
2251 4687 2550 4775 Ultano,
2583 4686 2863 4773 Boetio,
2897 4687 3191 4773 Ettone,
3225 4697 3300 4760 et

500 4803 797 4877 caeteris
830 4801 1379 4877 confratribus.”
1473 4800 1899 4878 Hiberniam
1931 4801 2051 4877 hie
2080 4805 2372 4898 proprie
2403 4813 2709 4900 usurpat
2739 4824 2872 4898 pro
2903 4827 2988 4878 ea
3018 4801 3298 4876 Scotiae
