4384 5817
1249 626 1607 698 GEN'rls
1653 623 2215 706 sco‘romm,
2261 623 2443 691 ms.
2491 573 2627 694 1'11.
3210 622 3341 690 ns

1197 815 1634 889 THOMAS
1681 813 2401 889 CARNIGILLUS.
2504 820 2675 896 299.

536 940 896 1011 THoMAs
934 933 1398 1029 Carnigillus,
1431 933 1712 1004 scholae
1739 931 2281 1005 Aberdonensis
2315 931 2743 1024 praefectus,
2776 931 2895 1002 vir
2926 926 3331 1001 literatissi-

535 1077 720 1138 muS,
756 1053 1032 1146 primae
1061 1069 1262 1120 meae
1286 1049 1636 1142 juventae
1667 1047 2068 1119 institutor.
2169 1045 2477 1140 Scripfflt

834 1165 1260 1238 Poematum
1291 1162 1536 1244 libros,
1570 1171 1644 1234 et
1675 1160 1725 1231 J
1728 1165 1874 1233 usti
1909 1162 2146 1256 Lipsii
2192 1163 2283 1234 de
2326 1162 2759 1236 Constantia
2797 1162 3019 1234 libros
3070 1162 3153 1232 in
3196 1159 3333 1230 lin-

929 1303 1154 1377 guam
1186 1279 1544 1350 Senticam
1577 1278 1978 1350 transtulit.

635 1399 843 1472 Obiit
875 1419 1066 1470 anno
1101 1412 1376 1468 lmen.
1411 1394 1640 1466 hostis
1673 1394 2223 1466 haereticorum.

1226 1592 1279 1663 J
1277 1590 1678 1664 ACOBUS
1727 1587 2369 1663 CARMICHEL.
2472 1595 2643 1664 300.

537 1745 902 1818 JAconus
954 1742 1358 1817 Carmichel
1413 1739 2030 1824 Hadintoniensis,
2081 1740 2351 1814 Graece
2398 1763 2485 1812 ac
2532 1740 2796 1814 Latine
2844 1741 3327 1814 doctissimus.

537 1859 840 1954 Scripsit

833 1973 1364 2048 Dictionarium
1397 1971 2050 2044 Graeco-Latinum
2082 1972 2445 2044 Scoticum
2477 1975 2603 2046 lib.
2634 1993 2691 2046 1.
2726 1995 2907 2067 opus
2932 1973 3203 2044 infiniti
3234 1974 3337 2042 la-

935 2089 1150 2172 boris,
1185 2099 1260 2162 et
1290 2089 1694 2160 reconditae
1725 2089 2273 2180 disquisitionis,
2307 2090 2499 2181 quod
2537 2087 2859 2162 Thomas
2894 2088 3331 2160 Thomasius

936 2204 1226 2300 Anglus
1274 2203 1402 2274 vili
1446 2203 1680 2294 pretio
1723 2203 1817 2274 ab
1859 2205 1984 2274 illo
2033 2205 2231 2288 emit,
2277 2212 2352 2275 et
2398 2227 2533 2276 suo
2580 2207 2870 2277 nomine
2902 2204 3333 2299 publicavit3

937 2331 1012 2397 et
1069 2343 1233 2393 cum
1301 2319 1422 2390 ille
1478 2317 1618 2388 fide
1683 2319 1878 2403 data,
1931 2319 2409 2413 jurejurando
2464 2321 2913 2414 interposito,
2968 2320 3339 2392 silentium

939 2435 1408 2528 promisisset,
1445 2455 1560 2504 res
1595 2435 1893 2532 vulgata
1925 2434 2017 2506 ab
2049 2435 2141 2505 iis
2182 2436 2311 2530 qui
2354 2435 2639 2508 chartas
2683 2438 2765 2510 in
2811 2458 3059 2510 museo
3110 2435 3337 2526 ipsius

941 2549 1430 2646 autographas
1462 2549 1838 2622 vidissent.

643 2667 856 2740 Vixit
888 2665 1124 2736 adhuc
1158 2662 1648 2737 Hadintoniae
1677 2666 1758 2736 in
1789 2663 2032 2736 Scotia
2061 2665 2487 2750 haereticus,
2532 2667 2661 2739 sed
2704 2667 3099 2740 catholicus
3132 2665 3335 2751 obiit,

546 2809 593 2856 a
627 2783 946 2854 Patricio
977 2779 1407 2852 Andersono
1439 2779 1816 2852 Societatis
1850 2781 2269 2874 presbytero
2301 2783 2696 2854 absolutus.

1287 2975 1757 3048 JOANNES
1807 2975 2343 3052 CAMERON.
2446 2983 2613 3053 301.

547 3131 597 3202 J
599 3147 703 3202 oA
712 3147 935 3202 NNES
970 3128 1326 3201 Cameron
1357 3127 1982 3220 eloquentissimus
2017 3129 2238 3200 bonas
2270 3139 2463 3202 artes
2497 3129 2756 3203 Galliis
2780 3130 2907 3202 diu
2932 3129 3189 3202 celebri
3216 3152 3342 3200 no-

547 3248 740 3318 mine
789 3244 1178 3339 professus,
1229 3243 1346 3314 vir
1395 3243 1754 3314 maximus
1805 3243 2100 3315 indubie
2148 3243 2465 3328 futurus,
2517 3248 2581 3316 si
2631 3245 3079 3318 Catholicam
3131 3245 3341 3317 fidem

549 3363 824 3434 haeresi
857 3358 1335 3452 praetulisset.
1437 3356 1741 3449 Scripsit

851 3475 1336 3547 Orientalium
1371 3472 1830 3568 Linguarum
1863 3472 2335 3546 Collationem
2578 3476 2706 3548 lib.
2746 3493 2801 3546 1.

851 3591 1248 3662 Hebraicos
1281 3589 1630 3682 quosdam
1665 3596 1988 3660 auctores
2023 3587 2285 3661 Latine
2318 3590 2539 3663 vertit
2584 3592 2707 3664 lib.
2747 3610 2800 3663 1.

651 3708 860 3780 Vixit
917 3705 1260 3778 Salmurii
1320 3705 1596 3796 patriae
1663 3711 2132 3775 ornamento:
2211 3727 2405 3776 nunc
2462 3707 2677 3778 audio
2737 3704 3036 3778 Parisiis
3098 3707 3344 3779 ortho-

554 3825 812 3894 doxam
848 3821 1060 3894 fidem
1095 3819 1518 3911 professum,
1556 3841 1638 3890 ac
1670 3817 2019 3890 Glascuae
2051 3842 2283 3914 agere.

1511 4015 1596 4088 Β.
1651 4013 2131 4090 CLAUDIA.
2234 4023 2400 4091 302.

559 4169 646 4240 Β.
691 4167 1104 4251 CLAUDIA,
1153 4166 1482 4238 Romano
1529 4176 2000 4261 cognomento
2043 4175 2417 4257 assumpto
2459 4165 2727 4239 Rufina
2774 4167 2991 4252 dicta,
3043 4167 3349 4263 insignis

559 4281 836 4354 Romae
859 4282 1156 4372 poetria,
1183 4282 1322 4351 sub
1347 4282 1732 4372 imperium
1753 4279 2180 4356 Domitiani.
2219 4281 2325 4352 Μ.
2362 4281 2723 4355 Martialis
2756 4281 3049 4376 Coquus
3076 4282 3199 4356 lib.
3228 4301 3347 4354 xl.

557 4399 749 4494 epig.
793 4415 954 4466 LIV.
1529 4397 1533 4401 ’
2001 4387 2028 4412 “

1163 4539 1412 4600 Claudia
1436 4539 1713 4600 caeruleis
1739 4559 1870 4599 eum
1899 4540 1976 4600 sit
2007 4539 2544 4603 Rufina‘Britannis

1246 4633 1446 4704 Edita,
1474 4654 1645 4712 quam
1674 4633 1878 4694 Latiae
1902 4645 2136 4713 pectora
2159 4634 2347 4713 plebis
2372 4636 2548 4696 habet
2572 4639 2587 4694 l

1169 4727 1364 4802 Quale
1391 4727 1570 4788 decus
1597 4729 1810 4788 formae
1835 4733 1850 4788 l
1902 4730 2216 4788 Romanam
2244 4728 2437 4790 dicere
2462 4741 2679 4792 matres

1254 4821 1495 4882 Italides
1521 4832 1773 4900 possent,
1802 4821 2081 4882 Atthides
2107 4843 2233 4882 esse
2260 4844 2442 4882 sssss

1167 4915 1252 4975 Di
1279 4917 1450 4986 bene,
1477 4915 1632 4994 quod
1657 4927 1854 4976 sancto
1880 4919 2105 4997 peperit
2134 4917 2418 4977 foecunda
2444 4919 2671 4987 marito,

1251 5009 1428 5084 Quod
1453 5025 1647 5090 sperat
1674 5031 1934 5090 generos,
1960 5012 2227 5091 quodque
2253 5012 2450 5092 puella
2476 5032 2676 5072 nurus.

1177 5103 1274 5166 Sic
1298 5105 1523 5186 placeat
1549 5107 1791 5186 superis,
1819 5117 1888 5165 ut
1914 5107 2156 5186 conjuge
2181 5107 2432 5186 gaudeat
2460 5127 2597 5177 uno,
