4384 5817
1091 505 1220 570 152
1859 504 2323 592 HISTORIA
2367 505 3115 574 ECCLESIASTICA

1089 717 1254 790 pag.
1291 711 1696 766 ccxxxw.
1730 694 1944 768 Alius
1977 704 2090 766 est
2120 692 2509 790 Couganus
2541 695 2781 777 abbae,
2816 697 3029 790 cujus
3080 697 3375 770 hortatu
3412 697 3509 768 D.
3562 698 3867 772 Bernar-

1087 813 1224 880 dus
1258 810 1482 882 vitam
1528 807 1601 881 S.
1649 808 2048 880 Malachiae
2093 811 2533 882 scribendam
2582 813 2915 904 suscepit,
2964 823 3049 885 ut
3094 813 3248 905 ipse
3295 814 3373 883 in
3416 813 3859 904 praefatione

1085 924 1483 1016 profitetur.
1585 924 1868 996 Colitur
1902 942 2146 996 XXIV.
2182 924 2258 995 N
2258 926 2535 996 ovemb.

1704 1155 1778 1225 S.
1830 1154 2437 1227 CONGELLUS
2486 1153 2965 1228 FAUSTUS.
3068 1162 3237 1229 254.

1083 1396 1126 1428 “
1145 1386 1220 1458 S.
1237 1387 1745 1459 CONGELLUS
1772 1386 2092 1471 Scotus,'’
2101 1389 2205 1459 ait
2216 1388 2579 1461 Antonius
2591 1387 3023 1460 Possevinun
3043 1397 3217 1460 tom.
3231 1409 3285 1461 1.
3298 1390 3649 1484 Apparet.
3668 1391 3859 1464 Sacr.

1077 1524 1240 1599 pag.
1270 1520 1622 1573 cccxmr.
1661 1513 1706 1546 “
1732 1515 1979 1575 auctor
2000 1505 2570 1598 congregationis
2596 1502 3182 1576 Benchorensis.'’
3285 1505 3857 1601 cognomentum

1078 1619 1143 1689 ei
1194 1618 1530 1690 Faustus.
1585 1618 1878 1690 Plenius
1929 1617 2004 1688 N
2005 1620 2301 1689 otkerus
2352 1618 2701 1690 Balbulus
2746 1619 2825 1688 iu
2880 1618 3427 1716 Martyrologio‚
3474 1623 3599 1693 ubi
3650 1623 3740 1692 de
3788 1623 3859 1693 S.

1077 1733 1566 1805 Columbano:
1614 1743 1658 1776 “
1682 1735 1828 1816 Qui
1863 1756 2024 1806 cum
2046 1736 2393 1826 plurimos
2428 1735 2813 1826 discipulos
2847 1736 2961 1805 vel
2994 1736 3223 1806 socios
3256 1738 3657 1808 sanctitatis
3690 1761 3857 1808 suae

1073 1871 1414 1941 suppares
1449 1851 1836 1933 habuisset,
1891 1871 2118 1920 unum
2169 1859 2433 1932 tamen,
2487 1847 2909 1944 Congellum
2952 1851 3241 1934 scilicet,
3285 1850 3548 1922 Latine
3604 1851 3855 1923 Fausti

1071 1966 1362 2036 nomine
1395 1967 1770 2046 illustrem,
1815 1976 2343 2056 praeceptorem
2387 1965 2778 2036 beatissimi
2831 1965 3282 2049 Columbani,
3336 1967 3691 2062 magistri,
3736 1971 3859 2040 do-

1069 2081 1271 2161 mini,
1305 2090 1378 2152 et
1411 2081 1636 2171 patris
1670 2080 1900 2150 nostri
1933 2078 2147 2161 Galli,
2179 2081 2539 2152 virtutum
2574 2103 2655 2150 ac
2688 2082 3107 2153 meritorum
3138 2104 3433 2154 suorum
3461 2085 3665 2176 quasi
3698 2086 3859 2156 uni-

1069 2217 1253 2300 cum,
1291 2199 1614 2288 exemplo
1650 2195 1874 2278 Isaac,
1907 2197 2202 2288 reliquit
2233 2196 2671 2266 haeredem.”
2752 2195 3120 2268 Arnoldus
3153 2195 3397 2268 Uvion
3426 2198 3551 2268 lib.
3580 2218 3668 2270 11.
3692 2197 3855 2296 Lig.

1067 2308 1220 2383 Vit.
1259 2333 1412 2402 cap.
1452 2328 1682 2381 LXIV.
1739 2321 1782 2352 “
1814 2310 1910 2381 D.
1947 2311 2331 2405 Congellus
2367 2308 2641 2394 Scotus,
2686 2310 2904 2381 abbas
2950 2311 3494 2396 Benchorensis,
3542 2323 3617 2386 et
3662 2316 3855 2386 illius

1068 2427 1642 2520 congregationis
1691 2427 2004 2498 auctor.”
2104 2423 2569 2496 Academiam
2616 2424 3187 2497 Benchorensem
3220 2427 3301 2497 in
3332 2432 3855 2502 monasterium

1063 2550 1408 2624 mutasse,
1441 2542 1662 2613 stulte
1696 2541 1920 2612 tradit
1949 2539 2000 2610 J
1999 2540 2261 2612 acobus
2308 2538 2903 2633 Middendorpius
2947 2540 3071 2614 lib.
3112 2558 3237 2612 111.
3288 2541 3377 2613 de
3415 2541 3849 2617 Academiis.

1063 2653 1252 2750 Ejus
1285 2665 1491 2726 sunt:

1355 2770 1742 2866 Regularis
1776 2772 1992 2843 Vitae
2025 2771 2415 2842 Methodus
3042 2773 3165 2845 lib.
3208 2791 3257 2844 1.

1353 2885 1478 2958 Ad
1511 2885 2035 2959 Coenobiorum
2069 2886 2326 2958 Patres
3044 2889 3167 2960 lib.
3208 2907 3259 2958 1.

1352 3000 1726 3093 Epistulae
1758 3005 2000 3094 plures
3040 3003 3165 3074 lib.
3204 3023 3255 3074 1.

1154 3117 1488 3202 Vivebat,
1521 3119 1910 3189 secundum
1945 3116 2316 3209 quosdam,
2350 3139 2541 3190 anno
2576 3109 2987 3188 ncnxxxn
3036 3120 3229 3211 quod
3273 3118 3537 3190 falsum
3570 3141 3725 3191 esse
3760 3143 3849 3192 ex

1058 3258 1141 3307 eo
1173 3231 1625 3307 convincitur
1654 3237 1846 3327 quod
1882 3234 1956 3306 S.
1994 3234 2423 3306 Columbani
2456 3233 2677 3303 fuerit
2709 3243 3143 3324 praeceptor,
3178 3236 3303 3326 qui
3338 3236 3415 3304 in
3450 3234 3689 3306 Scotia
3730 3259 3851 3306 ex-

1056 3353 1289 3433 cessit,
1323 3361 1410 3422 ut
1441 3373 1660 3442 supra
1691 3350 2078 3442 probabam
2122 3350 2258 3420 hoc
2302 3371 2535 3441 opere,
2583 3370 2773 3418 anno
2818 3365 3212 3419 Dxxxvn.
3266 3373 3485 3442 quare
3520 3374 3603 3421 ea
3652 3361 3847 3423 aetas

1055 3468 1292 3540 verior
1315 3466 1497 3538 erit:
1535 3466 1823 3557 quando
1855 3474 1984 3536 aut
2015 3464 2140 3534 ubi
2177 3465 2457 3547 obierit,
2494 3485 2637 3534 non
2671 3464 2925 3554 reperi.
3012 3461 3085 3533 S.
3127 3462 3516 3536 Columbae
3548 3487 3844 3537 consan-

1051 3583 1357 3678 guineus
1391 3581 1555 3652 fuit.
1637 3579 1712 3650 S.
1747 3579 2102 3650 Adaman.
2139 3580 2265 3651 lib.
2311 3598 2432 3650 111.
2467 3578 2621 3653 Vit.
2659 3577 2735 3649 S.
2781 3578 3109 3649 Columb.
3148 3600 3297 3670 cap.
3339 3595 3548 3650 xvn.
3600 3579 3847 3654 Abbas

1056 3698 1496 3778 monasterii,
1530 3696 1722 3787 quod
1757 3694 2062 3768 Cambas
2095 3695 2359 3766 dicitur
2400 3696 2629 3766 eidem
2672 3694 2798 3765 lib.
2836 3714 2887 3765 1.
2948 3715 3101 3785 cap.
3138 3712 3382 3766 xxxl.
3436 3702 3509 3769 et
3558 3701 3847 3768 sanctus

1053 3812 1650 3882 monasteriorum
1713 3810 2074 3883 fundator.
2159 3811 2361 3882 Idem
2410 3809 2535 3880 lib.
2588 3827 2708 3880 111.
2762 3830 2913 3901 cap.
2968 3827 3148 3881 XXI.
3224 3810 3507 3882 Colitur
3558 3831 3639 3882 x.
3695 3831 3845 3902 2511.

1056 3924 1260 3996 Maii.
1347 3924 1639 3997 csend.
1677 3925 1910 4023 Regii.

1959 4125 2033 4196 S.
2087 4123 2649 4196 COLMOCUS.
2756 4127 2925 4194 255.

1062 4271 1136 4343 S.
1190 4271 1640 4345 COLMocUs
1689 4273 2083 4365 episcopus,
2133 4292 2411 4342 summa
2474 4272 2889 4368 integritate
2946 4272 3161 4356 vitae,
3218 4271 3483 4343 civium
3542 4293 3837 4344 suorum

1050 4389 1233 4460 vitia
1290 4389 1692 4459 admirabili
1752 4387 2080 4458 libertate
2145 4386 2445 4480 carpsit3
2518 4397 2593 4457 at
2660 4411 2821 4458 cum
2890 4387 2997 4460 illi
3064 4389 3339 4459 nollent
3402 4389 3543 4457 resi
3546 4389 3837 4478 piscere,

1047 4526 1274 4594 neque
1343 4503 1432 4573 ad
1500 4503 1760 4573 bonam
1829 4501 2112 4596 frugem
2177 4503 2431 4584 redire,
2509 4503 3091 4574 comminationes
3161 4501 3497 4574 effectum
3564 4502 3839 4596 gravis-

1043 4621 1304 4724 simum
1375 4618 1694 4701 sortitae,
1767 4617 2110 4712 gliscente
2179 4618 2444 4688 crudeli
2514 4619 2699 4688 bello
2766 4617 2959 4686 civili
3026 4619 3218 4689 inter
3278 4616 3835 4691 Constantinum

1041 4755 1279 4828 regem
1317 4744 1390 4805 et
1435 4734 1900 4805 Malcolmum
1941 4731 2303 4806 Kennethi
2336 4733 2527 4829 regis
2564 4731 2813 4804 filium.
2918 4728 3105 4827 Ejus
3138 4745 3310 4804 sunt
3340 4752 3360 4801 z
