4384 5817
1248 544 1603 614 GENTIS
1649 542 2207 622 ScoToRUM,
2255 545 2437 612 LIB.
2480 545 2609 612 111.
2822 593 2826 598 .
3181 545 3305 611 191

527 739 733 820 actia,
784 736 1328 831 peregrinando,
1379 736 1717 819 docendo,
1765 735 2139 807 scribendo
2191 734 2547 806 indefesso
2596 733 2839 806 labore
2885 734 3075 806 cives
3128 757 3318 814 suos,

519 853 808 924 haeresi
831 851 1179 934 abdicata,
1201 849 1612 922 Catholicae
1637 851 1967 922 ecclesiae
1992 852 2199 922 unire
2227 851 2522 922 annisus
2548 859 2679 930 est,
2706 849 2823 920 vir
2848 849 3319 940 probissimae

519 967 1090 1040 conversationis
1147 966 1368 1038 etiam
1415 988 1460 1035 a
1503 967 1824 1038 sectariis
1859 965 2253 1059 judicatus.
2377 965 2529 1060 Maj
2538 966 2787 1036 estatis
2836 965 3076 1058 regiae
3125 986 3317 1036 acer-

519 1085 755 1155 rimus
804 1091 1322 1177 propugnator,
1371 1081 1642 1173 quippe
1700 1101 1864 1152 cum
1912 1077 2205 1176 Anglus
2256 1081 2549 1174 quidam
2606 1081 2671 1150 ei
2724 1080 3111 1154 detexisset
3152 1078 3323 1150 ‘Eli-

519 1197 904 1268 zabetham
973 1195 1284 1292 Angliae
1349 1195 1676 1292 reginam
1752 1197 1932 1267 velle
2005 1217 2104 1278 se,
2181 1217 2631 1289 quacumque
2698 1195 3003 1278 ratione,
3070 1218 3109 1264 e
3174 1217 3321 1264 me-

519 1314 648 1383 dio
704 1315 976 1395 tollere,
1033 1312 1456 1396 intercessit,
1515 1320 1588 1382 et
1629 1320 1986 1403 quantum
2030 1310 2186 1382 fieri
2230 1312 2471 1404 potuit
2515 1313 2608 1384 ab
2656 1312 2941 1403 incepto
2990 1311 3315 1381 retraxit.

519 1427 790 1502 Petrus
834 1426 1250 1499 Matthaeus
1297 1425 1422 1498 lib.
1459 1444 1568 1496 Ἦ.
1621 1427 1820 1499 Hist.
1867 1425 2121 1500 Gallic-
2169 1435 2441 1499 narrat.
2492 1447 2579 1498 11.
2682 1425 2937 1517 quue
2980 1425 3316 1496 beneficio

517 1546 778 1640 regina
834 1545 1188 1627 devincta,
1243 1565 1408 1616 cum
1468 1543 1590 1614 ille
1655 1566 1748 1615 ex
1815 1544 2078 1616 itinere
2135 1543 2414 1616 Scotico
2473 1543 2657 1614 mari
2714 1543 3173 1632 interceptae,
3242 1544 3321 1612 in

473 1658 826 1730 .Turrim
883 1657 1414 1730 Londinensem
1469 1659 1960 1752 conjiceretur,
2019 1681 2060 1728 e
2119 1660 2431 1754 vestigio
2486 1659 2793 1730 liberum
2852 1657 3150 1739 dimisit,
3211 1660 3319 1730 ul-

519 1785 645 1846 tro
693 1773 1016 1846 confessa
1061 1795 1210 1844 non
1253 1757 1460 1864 posse
1509 1772 1918 1864 improbum
1963 1797 2138 1858 esse,
2185 1776 2301 1850 cui
2352 1796 2563 1846 curae
2608 1782 2795 1846 esset
2837 1772 3040 1866 regia
3087 1772 3319 1866 digni-

517 1901 660 1973 tas,
714 1899 788 1961 et
833 1889 1240 1960 animarum
1289 1891 1506 1960 salus.
1609 1886 1885 1960 Sileant
1933 1912 2105 1985 ergo
2159 1890 2481 1981 perditae
2530 1889 3053 1964 haereticorum
3106 1909 3313 1962 voces

521 2005 988 2092 clamantium
1047 2028 1094 2077 a
1149 2004 1487 2076 societate
1543 2003 1624 2076 in
1682 2005 2038 2098 principes
2095 2007 2391 2078 sicarios
2450 2005 2737 2088 armari,
2797 2025 2962 2076 cum
3020 2003 3137 2073 hic
3196 2003 3243 2074 J
3246 2027 3318 2073 e-

521 2123 741 2203 suita,
777 2119 1098 2194 hostium
1131 2120 1348 2190 etiam
1385 2119 1846 2202 confessione,
1897 2124 2110 2218 longe
2159 2121 2253 2194 ab
2302 2145 2387 2194 eo
2434 2121 2659 2192 fuerit
2706 2119 3025 2194 consilio.
3126 2117 3313 2213 Ejus

519 2246 738 2308 sunt:

815 2351 1184 2444 Excerpta
1217 2374 1310 2423 ex
1341 2351 1468 2424 SS.
1507 2351 1846 2426 Patribus
2494 2353 2617 2424 lib.
2656 2369 2709 2422 1.

821 2467 911 2538 In
943 2469 1252 2560 primam
1285 2478 1566 2560 partem
1600 2467 1694 2538 D.
1731 2465 2056 2540 Thomae
2502 2468 2627 2540 lib.
2665 2487 2719 2539 1.

819 2581 1218 2678 Theologia
1249 2583 1672 2654 scholastica
1708 2591 1959 2655 contra
1993 2583 2347 2658 Sectarios
2505 2585 2628 2656 lib.
2670 2604 2721 2657 1.

816 2697 928 2768 De
948 2699 1271 2793 legitimo
1289 2699 1542 2772 Jacobi
1561 2699 1693 2772 VI.
1717 2697 1995 2771 Scotiae
2020 2699 2247 2796 Regis
2274 2698 2526 2772 'ritulo
2551 2701 2643 2771 ad
2670 2699 2907 2794 Regni
2928 2697 3315 2795 Anglicani

917 2813 1448 2886 Successionem
2492 2815 2617 2887 lib.
2656 2836 2709 2887 1.
2762 2815 2927 2898 Quo
2948 2815 3155 2896 libro,
3178 2811 3317 2885 Lo-

923 2931 1122 3000 vanii
1155 2931 1444 3022 scripto,
1472 2931 1606 3002 'vix
1638 2932 2032 3023 periculum
2069 2932 2323 3017 evasit,
2362 2941 2567 3004 extra
2609 2954 2855 3004 omnes
2904 2931 3097 3026 regis
3146 2929 3319 3000 His-

917 3047 1175 3138 paniae
1199 3047 1508 3117 ditiones
1531 3049 1912 3142 relegatus.
1967 3047 2116 3119 Pro
2143 3047 2455 3140 Hispani
2483 3069 2653 3120 vero
2678 3049 2755 3118 in
2780 3050 2971 3118 idem
3006 3067 3309 3139 regnum

905 3163 1078 3256 jure
1109 3156 1398 3254 scripsit
1432 3161 1729 3233 Robert.
1768 3162 2183 3246 Parsonius,
2216 3163 2267 3232 J
2268 3164 2502 3236 esuita
2532 3162 2845 3258 Anglus.

814 3277 1046 3350 Casus
1079 3275 1575 3349 Conscientiae
2500 3279 2624 3350 lib.
2664 3299 2717 3352 1.
3083 3336 3096 3350 .

622 3393 822 3467 Obiit
857 3395 1205 3490 Lugduni
1238 3392 1635 3466 Galliarum
1675 3410 2032 3464 MDCXVI.
2079 3393 2340 3466 Multis
2386 3396 2594 3466 annis
2630 3395 3029 3490 Collegium
3078 3395 3307 3466 Lova·

519 3510 626 3582 nii
663 3508 1036 3582 Scotorum
1069 3510 1282 3582 rexit.

1023 3685 1030 3692 ’
1113 3741 1697 3814 CORNELIUS
1747 3742 1820 3814 A
1869 3741 2447 3816 zlmcanA.
2552 3751 2721 3816 345.

521 3971 1006 4046 CORNELIUS
1039 3997 1084 4044 a
1125 3972 1517 4058 Zirichzea,
1555 3975 1832 4070 origine
1877 3973 2227 4059 Batavus,
2274 3999 2319 4047 a
2358 3975 2637 4049 Joanne
2684 3978 3140 4062 Mahubert0‚
3184 3979 3313 4049 Ul-

521 4097 1018 4159 tramontanae
1075 4089 1572 4162 observantiae
1625 4093 1964 4185 generali,
2027 4089 2363 4186 Eugenio
2414 4092 2544 4165 IV.
2600 4093 2956 4186 pontifice,
3013 4105 3313 4189 rogante

517 4202 784 4275 Jacobo
844 4201 902 4272 Ι.
961 4227 1152 4300 rege,
1206 4205 1285 4275 in
1339 4205 1648 4275 Scotiam
1696 4217 1806 4278 est
1851 4208 2138 4290 missus,
2194 4217 2266 4277 et
2312 4209 2826 4280 monasterium
2874 4207 3307 4304 Edimburgi

517 4319 776 4391 fundat
799 4341 838 4402 3-
875 4321 998 4390 sed
1033 4321 1456 4412 procedente
1487 4331 1830 4412 tempore,
1863 4322 2078 4393 rebus
2109 4323 2477 4416 religionis
2512 4345 2683 4394 suae
2717 4325 3031 4418 exigenti
3040 4325 3195 4406 bna,
3230 4326 3307 4394 in

517 4435 856 4530 Belgium
901 4457 1064 4507 cum
1115 4453 1225 4506 VI.
1275 4435 1620 4508 fratribus
1670 4459 2022 4520 reversuS‚
2072 4437 2541 4528 Antverpiae,
2590 4461 2736 4511 non
2788 4443 2941 4510 sine
2990 4441 3307 4511 maxima

519 4553 920 4622 sanctitatis
953 4552 1312 4643 opinione,
1349 4550 1552 4622 obiit.
1655 4550 1958 4644 Scripsit

815 4667 1210 4739 Conciones
1244 4667 1336 4738 ad
1378 4667 1730 4759 Populum
1763 4668 1840 4738 in
1878 4667 2118 4742 Scotia
2494 4670 2617 4741 lib.
2658 4690 2709 4741 Ι.

815 4783 1190 4855 Sermones
1232 4785 1322 4854 ad
1357 4781 1648 4855 Fratres
1683 4782 1946 4853 ibidem
2494 4785 2621 4856 lib.
2658 4806 2710 4856 1.

1845 4904 1888 4966 2
1927 4919 1968 4969 c
