<?xml version="1.0" encoding="UTF-8"?>
<!DOCTYPE html PUBLIC "-//W3C//DTD XHTML 1.0 Transitional//EN"
    "http://www.w3.org/TR/xhtml1/DTD/xhtml1-transitional.dtd">
<html xmlns="http://www.w3.org/1999/xhtml" xml:lang="en" lang="en">
 <head>
  <title>
</title>
<meta http-equiv="Content-Type" content="text/html;charset=utf-8" />
  <meta name='ocr-system' content='tesseract 3.04.00' />
  <meta name='ocr-capabilities' content='ocr_page ocr_carea ocr_par ocr_line ocrx_word'/>
</head>
<body>
  <div class='ocr_page' id='page_1' title='image "./thomaedempsteri00unkngoog_0073.png"; bbox 0 0 4384 5817; ppageno 0'>
   <div class='ocr_carea' id='block_1_1' title="bbox 1039 498 3076 573">
    <p class='ocr_par' dir='ltr' id='par_1_1' title="bbox 1039 498 3076 573">
     <span class='ocr_line' id='line_1_1' title="bbox 1039 498 3076 573; baseline 0.005 -13"><span class='ocrx_word' id='word_1_1' title='bbox 1039 502 1085 560; x_wconf 87' lang='lat'><strong>8</strong></span> <span class='ocrx_word' id='word_1_2' title='bbox 1797 498 2266 573; x_wconf 78' lang='lat' dir='ltr'><strong>HISTORIA</strong></span> <span class='ocrx_word' id='word_1_3' title='bbox 2311 500 3076 573; x_wconf 78' lang='lat' dir='ltr'><strong>ECCLESIASTICA·</strong></span> 
     </span>
    </p>
   </div>
   <div class='ocr_carea' id='block_1_2' title="bbox 1314 688 3150 1113">
    <p class='ocr_par' dir='ltr' id='par_1_2' title="bbox 1314 688 3150 1113">
     <span class='ocr_line' id='line_1_2' title="bbox 1346 688 3150 769; baseline 0.001 -6"><span class='ocrx_word' id='word_1_4' title='bbox 1346 688 1735 769; x_wconf 80' lang='lat' dir='ltr'><strong>Cantionea</strong></span> <span class='ocrx_word' id='word_1_5' title='bbox 1766 689 2158 765; x_wconf 83' lang='lat' dir='ltr'><strong>Saxonicae</strong></span> <span class='ocrx_word' id='word_1_6' title='bbox 2931 693 3058 766; x_wconf 89' lang='lat' dir='ltr'><strong>lib.</strong></span> <span class='ocrx_word' id='word_1_7' title='bbox 3097 710 3150 765; x_wconf 87' lang='lat'><strong>1.</strong></span> 
     </span>
     <span class='ocr_line' id='line_1_3' title="bbox 1314 806 3150 902; baseline 0 -22"><span class='ocrx_word' id='word_1_8' title='bbox 1314 806 1631 902; x_wconf 84' lang='lat' dir='ltr'><strong>.Hymni</strong></span> <span class='ocrx_word' id='word_1_9' title='bbox 2502 855 2540 897; x_wconf 67' lang='grc'><strong>,«</strong></span> <span class='ocrx_word' id='word_1_10' title='bbox 2931 809 3061 883; x_wconf 85' lang='lat' dir='ltr'><strong>lib.</strong></span> <span class='ocrx_word' id='word_1_11' title='bbox 3099 826 3150 881; x_wconf 89' lang='lat'><strong>1.</strong></span> 
     </span>
     <span class='ocr_line' id='line_1_4' title="bbox 1340 924 3148 997; baseline 0 -1"><span class='ocrx_word' id='word_1_12' title='bbox 1340 924 1545 997; x_wconf 79' lang='lat' dir='ltr'><strong>odae</strong></span> <span class='ocrx_word' id='word_1_13' title='bbox 2929 924 3057 996; x_wconf 92' lang='lat' dir='ltr'><strong>lib.</strong></span> <span class='ocrx_word' id='word_1_14' title='bbox 3094 941 3148 996; x_wconf 92' lang='lat'><strong>1.</strong></span> 
     </span>
     <span class='ocr_line' id='line_1_5' title="bbox 1340 1038 3150 1113; baseline -0.001 0"><span class='ocrx_word' id='word_1_15' title='bbox 1340 1038 1686 1113; x_wconf 77' lang='lat' dir='ltr'><strong>Carmina</strong></span> <span class='ocrx_word' id='word_1_16' title='bbox 1711 1041 1921 1113; x_wconf 78' lang='lat' dir='ltr'><strong>varia</strong></span> <span class='ocrx_word' id='word_1_17' title='bbox 2931 1040 3057 1112; x_wconf 85' lang='lat' dir='ltr'><strong>lib.</strong></span> <span class='ocrx_word' id='word_1_18' title='bbox 3095 1056 3150 1112; x_wconf 90' lang='lat'><strong>1.</strong></span> 
     </span>
    </p>
   </div>
   <div class='ocr_carea' id='block_1_3' title="bbox 1040 1152 3844 1481">
    <p class='ocr_par' dir='ltr' id='par_1_3' title="bbox 1040 1152 3842 1481">
     <span class='ocr_line' id='line_1_6' title="bbox 1058 1152 3842 1242; baseline 0 -13"><span class='ocrx_word' id='word_1_19' title='bbox 1058 1198 1063 1205; x_wconf 86' lang='lat'><strong>·</strong></span> <span class='ocrx_word' id='word_1_20' title='bbox 1146 1156 1349 1229; x_wconf 85' lang='lat' dir='ltr'><strong>Haec</strong></span> <span class='ocrx_word' id='word_1_21' title='bbox 1379 1164 1456 1227; x_wconf 87' lang='lat' dir='ltr'><strong>et</strong></span> <span class='ocrx_word' id='word_1_22' title='bbox 1486 1152 1848 1231; x_wconf 83' lang='lat' dir='ltr'><strong>Trithem.</strong></span> <span class='ocrx_word' id='word_1_23' title='bbox 1882 1163 2279 1238; x_wconf 76' lang='lat' dir='ltr'><strong>enumerat,</strong></span> <span class='ocrx_word' id='word_1_24' title='bbox 2311 1164 2388 1229; x_wconf 86' lang='lat' dir='ltr'><strong>et</strong></span> <span class='ocrx_word' id='word_1_25' title='bbox 2418 1156 2766 1229; x_wconf 86' lang='lat' dir='ltr'><strong>nonnulla</strong></span> <span class='ocrx_word' id='word_1_26' title='bbox 2811 1152 3042 1228; x_wconf 87' lang='lat' dir='ltr'><strong>Henr.</strong></span> <span class='ocrx_word' id='word_1_27' title='bbox 3091 1155 3449 1242; x_wconf 70' lang='lat' dir='ltr'><strong>Caninius,</strong></span> <span class='ocrx_word' id='word_1_28' title='bbox 3495 1158 3614 1229; x_wconf 79' lang='lat' dir='ltr'><strong>vir</strong></span> <span class='ocrx_word' id='word_1_29' title='bbox 3654 1157 3842 1230; x_wconf 85' lang='lat' dir='ltr'><strong>bono</strong></span> 
     </span>
     <span class='ocr_line' id='line_1_7' title="bbox 1042 1269 3844 1432; baseline -0.001 -87"><span class='ocrx_word' id='word_1_30' title='bbox 1042 1273 1148 1347; x_wconf 89' lang='lat' dir='ltr'><strong>rei</strong></span> <span class='ocrx_word' id='word_1_31' title='bbox 1180 1272 1541 1348; x_wconf 85' lang='lat' dir='ltr'><strong>literariae</strong></span> <span class='ocrx_word' id='word_1_32' title='bbox 1569 1280 1808 1358; x_wconf 76' lang='lat' dir='ltr'><strong>natus,</strong></span> <span class='ocrx_word' id='word_1_33' title='bbox 1840 1270 2119 1365; x_wconf 79' lang='lat' dir='ltr'><strong>pridem</strong></span> <span class='ocrx_word' id='word_1_34' title='bbox 2152 1269 2592 1364; x_wconf 83' lang='lat' dir='ltr'><strong>publicavit:</strong></span> <span class='ocrx_word' id='word_1_35' title='bbox 2625 1278 3034 1432; x_wconf 77' lang='lat' dir='ltr'><strong>praeterea</strong></span> <span class='ocrx_word' id='word_1_36' title='bbox 3018 1293 3064 1345; x_wconf 89' lang='lat' dir='ltr'><strong>a</strong></span> <span class='ocrx_word' id='word_1_37' title='bbox 3085 1270 3182 1343; x_wconf 86' lang='lat' dir='ltr'><strong>R.</strong></span> <span class='ocrx_word' id='word_1_38' title='bbox 3209 1270 3298 1344; x_wconf 89' lang='grc' dir='ltr'><strong>Ρ.</strong></span> <span class='ocrx_word' id='word_1_39' title='bbox 3329 1270 3652 1347; x_wconf 80' lang='lat' dir='ltr'><strong>Martino</strong></span> <span class='ocrx_word' id='word_1_40' title='bbox 3675 1272 3844 1345; x_wconf 87' lang='lat' dir='ltr'><strong>Del-</strong></span> 
     </span>
     <span class='ocr_line' id='line_1_8' title="bbox 1040 1388 3838 1481; baseline -0.01 -19"><span class='ocrx_word' id='word_1_41' title='bbox 1040 1390 1153 1461; x_wconf 84' lang='lat' dir='ltr'><strong>rio</strong></span> <span class='ocrx_word' id='word_1_42' title='bbox 1182 1388 1605 1481; x_wconf 84' lang='lat' dir='ltr'><strong>prodierunt</strong></span> <span class='ocrx_word' id='word_1_43' title='bbox 3829 1426 3838 1435; x_wconf 83' lang='lat'><strong>.</strong></span> 
     </span>
    </p>
   </div>
   <div class='ocr_carea' id='block_1_4' title="bbox 1340 1498 3942 1599">
    <p class='ocr_par' dir='ltr' id='par_1_4' title="bbox 1340 1498 3942 1599">
     <span class='ocr_line' id='line_1_9' title="bbox 1340 1498 3942 1599; baseline 0.001 -26"><span class='ocrx_word' id='word_1_44' title='bbox 1340 1500 1831 1599; x_wconf 83' lang='lat' dir='ltr'><strong>&#39;Aenigmaton</strong></span> <span class='ocrx_word' id='word_1_45' title='bbox 1890 1522 2142 1575; x_wconf 79' lang='lat' dir='ltr'><strong>versus</strong></span> <span class='ocrx_word' id='word_1_46' title='bbox 2197 1502 2416 1573; x_wconf 84' lang='lat' dir='ltr'><strong>mille.</strong></span> <span class='ocrx_word' id='word_1_47' title='bbox 2517 1498 2618 1575; x_wconf 85' lang='lat' dir='ltr'><strong>Ei</strong></span> <span class='ocrx_word' id='word_1_48' title='bbox 2667 1502 2888 1577; x_wconf 87' lang='lat' dir='ltr'><strong>etiam</strong></span> <span class='ocrx_word' id='word_1_49' title='bbox 2937 1504 3310 1579; x_wconf 75' lang='lat' dir='ltr'><strong>ascribunt</strong></span> <span class='ocrx_word' id='word_1_50' title='bbox 3359 1504 3577 1588; x_wconf 84' lang='lat' dir='ltr'><strong>docti,</strong></span> <span class='ocrx_word' id='word_1_51' title='bbox 3635 1514 3710 1578; x_wconf 89' lang='lat' dir='ltr'><strong>et</strong></span> <span class='ocrx_word' id='word_1_52' title='bbox 3765 1506 3842 1575; x_wconf 91' lang='lat' dir='ltr'><strong>in</strong></span> <span class='ocrx_word' id='word_1_53' title='bbox 3933 1500 3942 1509; x_wconf 81' lang='grc'><strong><em>’</em></strong></span> 
     </span>
    </p>
   </div>
   <div class='ocr_carea' id='block_1_5' title="bbox 1066 1616 3848 1946">
    <p class='ocr_par' dir='ltr' id='par_1_5' title="bbox 1066 1616 3848 1946">
     <span class='ocr_line' id='line_1_10' title="bbox 1438 1616 3848 1715; baseline 0.002 -26"><span class='ocrx_word' id='word_1_54' title='bbox 1438 1617 1557 1689; x_wconf 77' lang='lat' dir='ltr'><strong>his</strong></span> <span class='ocrx_word' id='word_1_55' title='bbox 1596 1616 1647 1689; x_wconf 86' lang='lat' dir='ltr'><strong>J</strong></span> <span class='ocrx_word' id='word_1_56' title='bbox 1648 1638 1811 1691; x_wconf 85' lang='lat' dir='ltr'><strong>oan</strong></span> <span class='ocrx_word' id='word_1_57' title='bbox 1843 1617 2185 1701; x_wconf 87' lang='lat' dir='ltr'><strong>Chokier,</strong></span> <span class='ocrx_word' id='word_1_58' title='bbox 2231 1617 2356 1691; x_wconf 89' lang='lat' dir='ltr'><strong>lib.</strong></span> <span class='ocrx_word' id='word_1_59' title='bbox 2411 1634 2536 1689; x_wconf 87' lang='lat'><strong>111.</strong></span> <span class='ocrx_word' id='word_1_60' title='bbox 2581 1618 2800 1693; x_wconf 87' lang='lat' dir='ltr'><strong>Polit.</strong></span> <span class='ocrx_word' id='word_1_61' title='bbox 2843 1640 3000 1715; x_wconf 89' lang='lat' dir='ltr'><strong>cap.</strong></span> <span class='ocrx_word' id='word_1_62' title='bbox 3051 1638 3266 1693; x_wconf 83' lang='lat' dir='ltr'><strong>xvu.</strong></span> <span class='ocrx_word' id='word_1_63' title='bbox 3318 1618 3650 1693; x_wconf 74' lang='lat' dir='ltr'><strong>Disticha</strong></span> <span class='ocrx_word' id='word_1_64' title='bbox 3697 1642 3848 1693; x_wconf 57' lang='lat' dir='ltr'><strong>mos</strong></span> 
     </span>
     <span class='ocr_line' id='line_1_11' title="bbox 1440 1732 3250 1827; baseline 0.001 -20"><span class='ocrx_word' id='word_1_65' title='bbox 1440 1734 1623 1807; x_wconf 88' lang='lat' dir='ltr'><strong>ralia</strong></span> <span class='ocrx_word' id='word_1_66' title='bbox 1652 1732 1780 1807; x_wconf 88' lang='lat' dir='ltr'><strong>lib.</strong></span> <span class='ocrx_word' id='word_1_67' title='bbox 1818 1751 1873 1806; x_wconf 84' lang='grc' dir='ltr'><strong>Ι.</strong></span> <span class='ocrx_word' id='word_1_68' title='bbox 1906 1754 2091 1827; x_wconf 86' lang='lat' dir='ltr'><strong>quae</strong></span> <span class='ocrx_word' id='word_1_69' title='bbox 2120 1742 2406 1807; x_wconf 73' lang='lat' dir='ltr'><strong>constat</strong></span> <span class='ocrx_word' id='word_1_70' title='bbox 2435 1754 2590 1807; x_wconf 77' lang='lat' dir='ltr'><strong>ease</strong></span> <span class='ocrx_word' id='word_1_71' title='bbox 2619 1732 2896 1809; x_wconf 86' lang='lat' dir='ltr'><strong>Valerii</strong></span> <span class='ocrx_word' id='word_1_72' title='bbox 2927 1735 3250 1809; x_wconf 80' lang='lat' dir='ltr'><strong>Catonis.</strong></span> 
     </span>
     <span class='ocr_line' id='line_1_12' title="bbox 1066 1769 3844 1946; baseline 0 -24"><span class='ocrx_word' id='word_1_73' title='bbox 1066 1896 1075 1903; x_wconf 95' lang='lat'>-</span> <span class='ocrx_word' id='word_1_74' title='bbox 1142 1851 1481 1924; x_wconf 81' lang='lat' dir='ltr'><strong>Florebat</strong></span> <span class='ocrx_word' id='word_1_75' title='bbox 1514 1871 1703 1923; x_wconf 86' lang='lat' dir='ltr'><strong>anno</strong></span> <span class='ocrx_word' id='word_1_76' title='bbox 1737 1852 2077 1923; x_wconf 75' lang='lat' dir='ltr'><strong>Dcx&#39;cIv.</strong></span> <span class='ocrx_word' id='word_1_77' title='bbox 2110 1858 2200 1923; x_wconf 88' lang='lat' dir='ltr'><strong>ut</strong></span> <span class='ocrx_word' id='word_1_78' title='bbox 2231 1850 2394 1922; x_wconf 86' lang='lat' dir='ltr'><strong>vult</strong></span> <span class='ocrx_word' id='word_1_79' title='bbox 2425 1847 2778 1946; x_wconf 74' lang='lat' dir='ltr'><strong>sigebert.</strong></span> <span class='ocrx_word' id='word_1_80' title='bbox 2815 1868 3192 1923; x_wconf 78' lang='lat' dir='ltr'><strong>Dchxx.</strong></span> <span class='ocrx_word' id='word_1_81' title='bbox 3225 1854 3346 1924; x_wconf 83' lang='lat' dir='ltr'><strong>vel</strong></span> <span class='ocrx_word' id='word_1_82' title='bbox 3379 1866 3564 1924; x_wconf 79' lang='lat' dir='ltr'><strong>nec.</strong></span> <span class='ocrx_word' id='word_1_83' title='bbox 3639 1769 3844 1925; x_wconf 85' lang='lat' dir='ltr'><strong>Obiit</strong></span> 
     </span>
    </p>
   </div>
   <div class='ocr_carea' id='block_1_6' title="bbox 1042 1963 3851 2065">
    <p class='ocr_par' dir='ltr' id='par_1_6' title="bbox 1042 1963 3851 2065">
     <span class='ocr_line' id='line_1_13' title="bbox 1042 1963 3851 2065; baseline 0 -27"><span class='ocrx_word' id='word_1_84' title='bbox 1042 1988 1215 2041; x_wconf 85' lang='lat' dir='ltr'><strong>vero</strong></span> <span class='ocrx_word' id='word_1_85' title='bbox 1262 1988 1453 2039; x_wconf 85' lang='lat' dir='ltr'><strong>anno</strong></span> <span class='ocrx_word' id='word_1_86' title='bbox 1503 1982 1811 2039; x_wconf 82' lang='lat' dir='ltr'><strong>Decvn.</strong></span> <span class='ocrx_word' id='word_1_87' title='bbox 1874 1976 1951 2039; x_wconf 89' lang='lat' dir='ltr'><strong>et</strong></span> <span class='ocrx_word' id='word_1_88' title='bbox 2008 1963 2137 2037; x_wconf 91' lang='grc'><strong>88.</strong></span> <span class='ocrx_word' id='word_1_89' title='bbox 2199 1966 2362 2039; x_wconf 85' lang='lat' dir='ltr'><strong>albo</strong></span> <span class='ocrx_word' id='word_1_90' title='bbox 2419 1966 2536 2037; x_wconf 86' lang='lat' dir='ltr'><strong>die</strong></span> <span class='ocrx_word' id='word_1_91' title='bbox 2591 1984 2798 2039; x_wconf 69' lang='lat' dir='ltr'><strong>XXV.</strong></span> <span class='ocrx_word' id='word_1_92' title='bbox 2859 1966 3046 2039; x_wconf 87' lang='lat' dir='ltr'><strong>Maii</strong></span> <span class='ocrx_word' id='word_1_93' title='bbox 3105 1968 3500 2062; x_wconf 78' lang='lat' dir='ltr'><strong>ascriptum</strong></span> <span class='ocrx_word' id='word_1_94' title='bbox 3558 1964 3851 2065; x_wconf 65' lang='lat' dir='ltr'><strong>Marty-⁶</strong></span> 
     </span>
    </p>
   </div>
   <div class='ocr_carea' id='block_1_7' title="bbox 1038 2081 3843 2643">
    <p class='ocr_par' dir='ltr' id='par_1_7' title="bbox 1038 2081 3843 2643">
     <span class='ocr_line' id='line_1_14' title="bbox 1040 2081 3843 2180; baseline 0 -25"><span class='ocrx_word' id='word_1_95' title='bbox 1040 2086 1269 2180; x_wconf 86' lang='lat' dir='ltr'><strong>rolog.</strong></span> <span class='ocrx_word' id='word_1_96' title='bbox 1270 2086 1278 2092; x_wconf 83' lang='lat'>&#39;</span> <span class='ocrx_word' id='word_1_97' title='bbox 1302 2082 1715 2155; x_wconf 88' lang='lat' dir='ltr'><strong>Romanum</strong></span> <span class='ocrx_word' id='word_1_98' title='bbox 1756 2084 2030 2155; x_wconf 84' lang='lat' dir='ltr'><strong>recolit.</strong></span> <span class='ocrx_word' id='word_1_99' title='bbox 2130 2081 2536 2155; x_wconf 79' lang='lat' dir='ltr'><strong>Cardinalia</strong></span> <span class='ocrx_word' id='word_1_100' title='bbox 2586 2081 2852 2155; x_wconf 80' lang='lat' dir='ltr'><strong>Caesar</strong></span> <span class='ocrx_word' id='word_1_101' title='bbox 2901 2082 3262 2157; x_wconf 75' lang='lat' dir='ltr'><strong>Batonius</strong></span> <span class='ocrx_word' id='word_1_102' title='bbox 3311 2091 3490 2158; x_wconf 89' lang='lat' dir='ltr'><strong>tom.</strong></span> <span class='ocrx_word' id='word_1_103' title='bbox 3533 2100 3720 2155; x_wconf 75' lang='lat' dir='ltr'><strong>Vnt.</strong></span> <span class='ocrx_word' id='word_1_104' title='bbox 3771 2094 3843 2156; x_wconf 90' lang='lat' dir='ltr'><strong>et</strong></span> 
     </span>
     <span class='ocr_line' id='line_1_15' title="bbox 1041 2196 3842 2297; baseline 0 -26"><span class='ocrx_word' id='word_1_105' title='bbox 1041 2218 1157 2273; x_wconf 78' lang='lat' dir='ltr'><strong>xx.</strong></span> <span class='ocrx_word' id='word_1_106' title='bbox 1192 2198 1463 2271; x_wconf 85' lang='lat' dir='ltr'><strong>Annal.</strong></span> <span class='ocrx_word' id='word_1_107' title='bbox 1562 2196 1815 2273; x_wconf 87' lang='lat' dir='ltr'><strong>Vitam</strong></span> <span class='ocrx_word' id='word_1_108' title='bbox 1846 2198 2034 2271; x_wconf 88' lang='lat' dir='ltr'><strong>tanti</strong></span> <span class='ocrx_word' id='word_1_109' title='bbox 2066 2198 2416 2271; x_wconf 74' lang='lat' dir='ltr'><strong>antistitis</strong></span> <span class='ocrx_word' id='word_1_110' title='bbox 2461 2200 2790 2271; x_wconf 86' lang='lat' dir='ltr'><strong>certatim</strong></span> <span class='ocrx_word' id='word_1_111' title='bbox 2823 2198 3270 2292; x_wconf 77' lang='lat' dir='ltr'><strong>scripserunt</strong></span> <span class='ocrx_word' id='word_1_112' title='bbox 3303 2198 3669 2297; x_wconf 79' lang='lat' dir='ltr'><strong>Eguinua,</strong></span> <span class='ocrx_word' id='word_1_113' title='bbox 3717 2221 3842 2271; x_wconf 78' lang='lat' dir='ltr'><strong>seu</strong></span> 
     </span>
     <span class='ocr_line' id='line_1_16' title="bbox 1038 2310 3842 2413; baseline -0.001 -25"><span class='ocrx_word' id='word_1_114' title='bbox 1038 2314 1441 2413; x_wconf 68' lang='lat' dir='ltr'><strong>Eugenium,</strong></span> <span class='ocrx_word' id='word_1_115' title='bbox 1471 2314 1895 2413; x_wconf 78' lang='lat' dir='ltr'><strong>wigorniae</strong></span> <span class='ocrx_word' id='word_1_116' title='bbox 1926 2316 2326 2409; x_wconf 77' lang='lat' dir='ltr'><strong>episcopua,</strong></span> <span class='ocrx_word' id='word_1_117' title='bbox 2358 2322 2433 2385; x_wconf 87' lang='lat' dir='ltr'><strong>et</strong></span> <span class='ocrx_word' id='word_1_118' title='bbox 2465 2310 2542 2387; x_wconf 90' lang='grc'><strong>8.</strong></span> <span class='ocrx_word' id='word_1_119' title='bbox 2575 2312 2996 2389; x_wconf 75' lang='lat' dir='ltr'><strong>Osmandus</strong></span> <span class='ocrx_word' id='word_1_120' title='bbox 3031 2312 3446 2403; x_wconf 77' lang='lat' dir='ltr'><strong>Neuatrius,</strong></span> <span class='ocrx_word' id='word_1_121' title='bbox 3497 2316 3626 2409; x_wconf 88' lang='lat' dir='ltr'><strong>qui</strong></span> <span class='ocrx_word' id='word_1_122' title='bbox 3659 2313 3842 2388; x_wconf 86' lang='lat' dir='ltr'><strong>obiit</strong></span> 
     </span>
     <span class='ocr_line' id='line_1_17' title="bbox 1038 2414 3838 2514; baseline -0.001 -10"><span class='ocrx_word' id='word_1_123' title='bbox 1038 2452 1229 2504; x_wconf 86' lang='lat' dir='ltr'><strong>anno</strong></span> <span class='ocrx_word' id='word_1_124' title='bbox 1281 2441 1722 2504; x_wconf 70' lang='lat' dir='ltr'><strong>uxc1x.et</strong></span> <span class='ocrx_word' id='word_1_125' title='bbox 1778 2430 2101 2504; x_wconf 82' lang='lat' dir='ltr'><strong>Faritiua</strong></span> <span class='ocrx_word' id='word_1_126' title='bbox 2160 2430 2468 2514; x_wconf 55' lang='lat' dir='ltr'><strong>Tuscum</strong></span> <span class='ocrx_word' id='word_1_127' title='bbox 2527 2437 2603 2502; x_wconf 89' lang='lat' dir='ltr'><strong>et</strong></span> <span class='ocrx_word' id='word_1_128' title='bbox 2659 2414 3090 2503; x_wconf 79' lang='lat' dir='ltr'><strong>Guilielmua</strong></span> <span class='ocrx_word' id='word_1_129' title='bbox 3151 2430 3838 2505; x_wconf 77' lang='lat' dir='ltr'><strong>Malmeaburiensia.</strong></span> 
     </span>
     <span class='ocr_line' id='line_1_18' title="bbox 1040 2544 3842 2643; baseline 0.001 -26"><span class='ocrx_word' id='word_1_130' title='bbox 1040 2546 1325 2619; x_wconf 74' lang='lat' dir='ltr'><strong>obiisse</strong></span> <span class='ocrx_word' id='word_1_131' title='bbox 1389 2568 1557 2617; x_wconf 89' lang='lat' dir='ltr'><strong>eum</strong></span> <span class='ocrx_word' id='word_1_132' title='bbox 1620 2546 1813 2617; x_wconf 85' lang='lat' dir='ltr'><strong>diem</strong></span> <span class='ocrx_word' id='word_1_133' title='bbox 1876 2567 2093 2619; x_wconf 79' lang='lat' dir='ltr'><strong>auum</strong></span> <span class='ocrx_word' id='word_1_134' title='bbox 2158 2546 2324 2617; x_wconf 78' lang='lat' dir='ltr'><strong>vult</strong></span> <span class='ocrx_word' id='word_1_135' title='bbox 2387 2544 2752 2618; x_wconf 74' lang='lat' dir='ltr'><strong>Batonius</strong></span> <span class='ocrx_word' id='word_1_136' title='bbox 2819 2546 2910 2617; x_wconf 86' lang='lat' dir='ltr'><strong>ad</strong></span> <span class='ocrx_word' id='word_1_137' title='bbox 2977 2544 3585 2643; x_wconf 80' lang='lat' dir='ltr'><strong>Martyrologium</strong></span> <span class='ocrx_word' id='word_1_138' title='bbox 3651 2568 3842 2619; x_wconf 81' lang='lat' dir='ltr'><strong>anno</strong></span> 
     </span>
    </p>
   </div>
   <div class='ocr_carea' id='block_1_8' title="bbox 1040 2658 3838 2967">
    <p class='ocr_par' dir='ltr' id='par_1_8' title="bbox 1040 2658 3838 2967">
     <span class='ocr_line' id='line_1_19' title="bbox 1041 2658 3838 2758; baseline 0 -25"><span class='ocrx_word' id='word_1_139' title='bbox 1041 2678 1387 2735; x_wconf 79' lang='lat' dir='ltr'><strong>Dccxlx.</strong></span> <span class='ocrx_word' id='word_1_140' title='bbox 1464 2658 1573 2734; x_wconf 84' lang='lat' dir='ltr'><strong>Et</strong></span> <span class='ocrx_word' id='word_1_141' title='bbox 1596 2682 1771 2734; x_wconf 84' lang='lat' dir='ltr'><strong>sane</strong></span> <span class='ocrx_word' id='word_1_142' title='bbox 1790 2660 2133 2755; x_wconf 86' lang='lat' dir='ltr'><strong>quioquid</strong></span> <span class='ocrx_word' id='word_1_143' title='bbox 2154 2660 2432 2733; x_wconf 85' lang='lat' dir='ltr'><strong>laudati</strong></span> <span class='ocrx_word' id='word_1_144' title='bbox 2455 2670 2782 2733; x_wconf 78' lang='lat' dir='ltr'><strong>auctores</strong></span> <span class='ocrx_word' id='word_1_145' title='bbox 2807 2658 3247 2758; x_wconf 72' lang='lat' dir='ltr'><strong>sigebertus,</strong></span> <span class='ocrx_word' id='word_1_146' title='bbox 3273 2661 3590 2747; x_wconf 75' lang='lat' dir='ltr'><strong>Lectius,</strong></span> <span class='ocrx_word' id='word_1_147' title='bbox 3617 2670 3692 2734; x_wconf 88' lang='lat' dir='ltr'><strong>et</strong></span> <span class='ocrx_word' id='word_1_148' title='bbox 3715 2662 3838 2733; x_wconf 82' lang='lat' dir='ltr'><strong>alii</strong></span> 
     </span>
     <span class='ocr_line' id='line_1_20' title="bbox 1040 2772 3837 2875; baseline -0.001 -26"><span class='ocrx_word' id='word_1_149' title='bbox 1040 2778 1377 2863; x_wconf 82' lang='lat' dir='ltr'><strong>sentiant,</strong></span> <span class='ocrx_word' id='word_1_150' title='bbox 1426 2800 1563 2875; x_wconf 84' lang='lat' dir='ltr'><strong>ego</strong></span> <span class='ocrx_word' id='word_1_151' title='bbox 1610 2778 1845 2875; x_wconf 78' lang='lat' dir='ltr'><strong>magia</strong></span> <span class='ocrx_word' id='word_1_152' title='bbox 1894 2776 2196 2851; x_wconf 82' lang='lat' dir='ltr'><strong>inducor</strong></span> <span class='ocrx_word' id='word_1_153' title='bbox 2245 2783 2331 2848; x_wconf 88' lang='lat' dir='ltr'><strong>ut</strong></span> <span class='ocrx_word' id='word_1_154' title='bbox 2378 2774 2706 2873; x_wconf 86' lang='lat' dir='ltr'><strong>Anglum</strong></span> <span class='ocrx_word' id='word_1_155' title='bbox 2755 2786 2948 2862; x_wconf 87' lang='lat' dir='ltr'><strong>ortu,</strong></span> <span class='ocrx_word' id='word_1_156' title='bbox 2999 2772 3292 2851; x_wconf 84' lang='lat' dir='ltr'><strong>Scotum</strong></span> <span class='ocrx_word' id='word_1_157' title='bbox 3343 2798 3518 2851; x_wconf 80' lang='lat' dir='ltr'><strong>vero</strong></span> <span class='ocrx_word' id='word_1_158' title='bbox 3549 2786 3837 2851; x_wconf 77' lang='lat' dir='ltr'><strong>tantum</strong></span> 
     </span>
     <span class='ocr_line' id='line_1_21' title="bbox 1042 2894 1789 2967; baseline 0.001 -3"><span class='ocrx_word' id='word_1_159' title='bbox 1042 2894 1357 2967; x_wconf 85' lang='lat' dir='ltr'><strong>incolatu</strong></span> <span class='ocrx_word' id='word_1_160' title='bbox 1392 2894 1789 2967; x_wconf 73' lang='lat' dir='ltr'><strong>aestimem.</strong></span> 
     </span>
    </p>
   </div>
   <div class='ocr_carea' id='block_1_9' title="bbox 2046 3246 2832 3329">
    <p class='ocr_par' dir='ltr' id='par_1_9' title="bbox 2046 3246 2832 3329">
     <span class='ocr_line' id='line_1_22' title="bbox 2046 3246 2832 3329; baseline -0.001 -7"><span class='ocrx_word' id='word_1_161' title='bbox 2046 3250 2122 3322; x_wconf 89' lang='grc'><strong>8.</strong></span> <span class='ocrx_word' id='word_1_162' title='bbox 2173 3246 2658 3324; x_wconf 87' lang='lat' dir='ltr'><strong>AIDANUS.</strong></span> <span class='ocrx_word' id='word_1_163' title='bbox 2763 3254 2832 3329; x_wconf 79' lang='lat'><strong>¹7.</strong></span> 
     </span>
    </p>
   </div>
   <div class='ocr_carea' id='block_1_10' title="bbox 1038 3478 3836 3927">
    <p class='ocr_par' dir='ltr' id='par_1_10' title="bbox 1038 3478 3836 3927">
     <span class='ocr_line' id='line_1_23' title="bbox 1044 3478 3836 3579; baseline -0.001 -24"><span class='ocrx_word' id='word_1_164' title='bbox 1044 3494 1089 3526; x_wconf 80' lang='lat'><strong>‘⁸</strong></span> <span class='ocrx_word' id='word_1_165' title='bbox 1124 3483 1199 3557; x_wconf 88' lang='lat' dir='ltr'><strong>S.</strong></span> <span class='ocrx_word' id='word_1_166' title='bbox 1233 3483 1625 3557; x_wconf 55' lang='lat' dir='ltr'><strong>Amanus</strong></span> <span class='ocrx_word' id='word_1_167' title='bbox 1654 3479 2101 3577; x_wconf 75' lang='lat' dir='ltr'><strong>episcopus,&#39;’·</strong></span> <span class='ocrx_word' id='word_1_168' title='bbox 2140 3482 2380 3575; x_wconf 88' lang='lat' dir='ltr'><strong>inquit</strong></span> <span class='ocrx_word' id='word_1_169' title='bbox 2421 3481 2836 3579; x_wconf 86' lang='lat' dir='ltr'><strong>Sigebertua</strong></span> <span class='ocrx_word' id='word_1_170' title='bbox 2879 3478 3410 3553; x_wconf 77' lang='lat' dir='ltr'><strong>Gemblaoeneis</strong></span> <span class='ocrx_word' id='word_1_171' title='bbox 3441 3481 3533 3553; x_wconf 83' lang='lat' dir='ltr'><strong>ad</strong></span> <span class='ocrx_word' id='word_1_172' title='bbox 3567 3502 3836 3555; x_wconf 84' lang='lat' dir='ltr'><strong>annum</strong></span> 
     </span>
     <span class='ocr_line' id='line_1_24' title="bbox 1040 3595 3834 3694; baseline -0.001 -23"><span class='ocrx_word' id='word_1_173' title='bbox 1040 3617 1418 3673; x_wconf 74' lang='lat' dir='ltr'><strong>DCXXXV.</strong></span> <span class='ocrx_word' id='word_1_174' title='bbox 1456 3610 1501 3643; x_wconf 80' lang='lat'><strong>‘⁶</strong></span> <span class='ocrx_word' id='word_1_175' title='bbox 1526 3598 1772 3672; x_wconf 86' lang='lat' dir='ltr'><strong>Sancti</strong></span> <span class='ocrx_word' id='word_1_176' title='bbox 1798 3597 2191 3672; x_wconf 84' lang='lat' dir='ltr'><strong>Columbae</strong></span> <span class='ocrx_word' id='word_1_177' title='bbox 2215 3596 2608 3691; x_wconf 74' lang='lat' dir='ltr'><strong>discipulus</strong></span> <span class='ocrx_word' id='word_1_178' title='bbox 2634 3620 2679 3670; x_wconf 94' lang='lat' dir='ltr'><strong>a</strong></span> <span class='ocrx_word' id='word_1_179' title='bbox 2701 3596 2942 3670; x_wconf 84' lang='lat' dir='ltr'><strong>Scotia</strong></span> <span class='ocrx_word' id='word_1_180' title='bbox 2975 3597 3292 3682; x_wconf 76' lang='lat' dir='ltr'><strong>veniam,</strong></span> <span class='ocrx_word' id='word_1_181' title='bbox 3325 3596 3519 3690; x_wconf 85' lang='lat' dir='ltr'><strong>apud</strong></span> <span class='ocrx_word' id='word_1_182' title='bbox 3551 3595 3834 3694; x_wconf 88' lang='lat' dir='ltr'><strong>Anglos</strong></span> 
     </span>
     <span class='ocr_line' id='line_1_25' title="bbox 1038 3710 3836 3811; baseline 0 -25"><span class='ocrx_word' id='word_1_183' title='bbox 1038 3716 1351 3789; x_wconf 81' lang='lat' dir='ltr'><strong>clarebat</strong></span> <span class='ocrx_word' id='word_1_184' title='bbox 1384 3715 1763 3788; x_wconf 76' lang='lat' dir='ltr'><strong>sanctitate</strong></span> <span class='ocrx_word' id='word_1_185' title='bbox 1796 3724 1871 3787; x_wconf 87' lang='lat' dir='ltr'><strong>et</strong></span> <span class='ocrx_word' id='word_1_186' title='bbox 1905 3710 2301 3787; x_wconf 55' lang='lat' dir='ltr'><strong>doctrina?</strong></span> <span class='ocrx_word' id='word_1_187' title='bbox 2400 3712 2492 3785; x_wconf 88' lang='lat' dir='ltr'><strong>In</strong></span> <span class='ocrx_word' id='word_1_188' title='bbox 2523 3712 2952 3808; x_wconf 76' lang='lat' dir='ltr'><strong>quibusdam</strong></span> <span class='ocrx_word' id='word_1_189' title='bbox 2979 3722 3089 3785; x_wconf 80' lang='lat' dir='ltr'><strong>eat</strong></span> <span class='ocrx_word' id='word_1_190' title='bbox 3111 3711 3380 3797; x_wconf 87' lang='lat' dir='ltr'><strong>Aidan,</strong></span> <span class='ocrx_word' id='word_1_191' title='bbox 3412 3736 3836 3811; x_wconf 88' lang='lat' dir='ltr'><strong>cognomen-</strong></span> 
     </span>
     <span class='ocr_line' id='line_1_26' title="bbox 1040 3826 3836 3927; baseline 0.001 -28"><span class='ocrx_word' id='word_1_192' title='bbox 1040 3841 1120 3903; x_wconf 85' lang='lat' dir='ltr'><strong>to</strong></span> <span class='ocrx_word' id='word_1_193' title='bbox 1168 3830 1523 3902; x_wconf 80' lang='lat' dir='ltr'><strong>Auvinas.</strong></span> <span class='ocrx_word' id='word_1_194' title='bbox 1624 3830 1967 3903; x_wconf 79' lang='lat' dir='ltr'><strong>Oawaldo</strong></span> <span class='ocrx_word' id='word_1_195' title='bbox 2016 3826 2706 3902; x_wconf 86' lang='lat' dir='ltr'><strong>Northumbriorum</strong></span> <span class='ocrx_word' id='word_1_196' title='bbox 2756 3829 2934 3925; x_wconf 87' lang='lat' dir='ltr'><strong>regi,</strong></span> <span class='ocrx_word' id='word_1_197' title='bbox 2983 3830 3180 3901; x_wconf 69' lang='lat' dir='ltr'><strong>viro·</strong></span> <span class='ocrx_word' id='word_1_198' title='bbox 3225 3838 3510 3901; x_wconf 76' lang='lat' dir='ltr'><strong>sanctos</strong></span> <span class='ocrx_word' id='word_1_199' title='bbox 3542 3829 3634 3900; x_wconf 85' lang='lat' dir='ltr'><strong>ad</strong></span> <span class='ocrx_word' id='word_1_200' title='bbox 3665 3852 3836 3927; x_wconf 84' lang='lat' dir='ltr'><strong>gen-</strong></span> 
     </span>
    </p>
   </div>
   <div class='ocr_carea' id='block_1_11' title="bbox 1017 3934 3838 4049">
    <p class='ocr_par' dir='ltr' id='par_1_11' title="bbox 1017 3934 3838 4049">
     <span class='ocr_line' id='line_1_27' title="bbox 1017 3934 3838 4049; baseline 0 -34"><span class='ocrx_word' id='word_1_201' title='bbox 1017 3948 1133 4017; x_wconf 80' lang='lat' dir='ltr'><strong>·tis</strong></span> <span class='ocrx_word' id='word_1_202' title='bbox 1207 3968 1379 4020; x_wconf 85' lang='lat' dir='ltr'><strong>suae</strong></span> <span class='ocrx_word' id='word_1_203' title='bbox 1451 3943 1981 4049; x_wconf 78' lang='lat' dir='ltr'><strong>institutionem</strong></span> <span class='ocrx_word' id='word_1_204' title='bbox 2055 3966 2102 4016; x_wconf 86' lang='lat' dir='ltr'><strong>a</strong></span> <span class='ocrx_word' id='word_1_205' title='bbox 2172 3965 2344 4040; x_wconf 87' lang='lat' dir='ltr'><strong>rege</strong></span> <span class='ocrx_word' id='word_1_206' title='bbox 2417 3942 2708 4017; x_wconf 80' lang='lat' dir='ltr'><strong>Scotiae‘</strong></span> <span class='ocrx_word' id='word_1_207' title='bbox 2769 3942 3101 4017; x_wconf 86' lang='lat' dir='ltr'><strong>Donaldo</strong></span> <span class='ocrx_word' id='word_1_208' title='bbox 3177 3966 3306 4039; x_wconf 85' lang='lat' dir='ltr'><strong>per</strong></span> <span class='ocrx_word' id='word_1_209' title='bbox 3374 3934 3650 4039; x_wconf 75' lang='lat' dir='ltr'><strong>legatos</strong></span> <span class='ocrx_word' id='word_1_210' title='bbox 3715 3968 3838 4038; x_wconf 85' lang='lat' dir='ltr'><strong>pe-</strong></span> 
     </span>
    </p>
   </div>
   <div class='ocr_carea' id='block_1_12' title="bbox 1036 4054 3830 4273">
    <p class='ocr_par' dir='ltr' id='par_1_12' title="bbox 1036 4054 3830 4273">
     <span class='ocr_line' id='line_1_28' title="bbox 1036 4054 3830 4165; baseline -0.001 -31"><span class='ocrx_word' id='word_1_211' title='bbox 1036 4063 1243 4145; x_wconf 88' lang='lat' dir='ltr'><strong>tenti,</strong></span> <span class='ocrx_word' id='word_1_212' title='bbox 1294 4061 1375 4131; x_wconf 90' lang='lat' dir='ltr'><strong>in</strong></span> <span class='ocrx_word' id='word_1_213' title='bbox 1422 4054 1770 4156; x_wconf 68' lang='lat' dir='ltr'><strong>Angliam</strong></span> <span class='ocrx_word' id='word_1_214' title='bbox 1818 4060 2085 4131; x_wconf 75' lang='lat' dir='ltr'><strong>missus</strong></span> <span class='ocrx_word' id='word_1_215' title='bbox 2134 4069 2268 4143; x_wconf 78' lang='lat' dir='ltr'><strong>eet,</strong></span> <span class='ocrx_word' id='word_1_216' title='bbox 2325 4069 2416 4131; x_wconf 90' lang='lat' dir='ltr'><strong>ut</strong></span> <span class='ocrx_word' id='word_1_217' title='bbox 2469 4072 2771 4165; x_wconf 87' lang='lat' dir='ltr'><strong>narrant</strong></span> <span class='ocrx_word' id='word_1_218' title='bbox 2829 4059 3042 4133; x_wconf 84' lang='lat' dir='ltr'><strong>Hect.</strong></span> <span class='ocrx_word' id='word_1_219' title='bbox 3094 4058 3446 4132; x_wconf 80' lang='lat' dir='ltr'><strong>Boethius</strong></span> <span class='ocrx_word' id='word_1_220' title='bbox 3495 4058 3657 4131; x_wconf 85' lang='lat' dir='ltr'><strong>libr.</strong></span> <span class='ocrx_word' id='word_1_221' title='bbox 3715 4080 3830 4133; x_wconf 79' lang='lat' dir='ltr'><strong>lx.</strong></span> 
     </span>
     <span class='ocr_line' id='line_1_29' title="bbox 1036 4173 3830 4273; baseline -0.001 -24"><span class='ocrx_word' id='word_1_222' title='bbox 1036 4200 1197 4273; x_wconf 86' lang='lat' dir='ltr'><strong>pag.</strong></span> <span class='ocrx_word' id='word_1_223' title='bbox 1248 4192 1597 4252; x_wconf 78' lang='lat' dir='ltr'><strong>chxw.</strong></span> <span class='ocrx_word' id='word_1_224' title='bbox 1660 4174 1923 4248; x_wconf 86' lang='lat' dir='ltr'><strong>Franc.</strong></span> <span class='ocrx_word' id='word_1_225' title='bbox 1974 4173 2374 4249; x_wconf 79' lang='lat' dir='ltr'><strong>Godwinua</strong></span> <span class='ocrx_word' id='word_1_226' title='bbox 2423 4174 2502 4245; x_wconf 89' lang='lat' dir='ltr'><strong>in</strong></span> <span class='ocrx_word' id='word_1_227' title='bbox 2553 4176 3016 4249; x_wconf 78' lang='lat' dir='ltr'><strong>Praesulibua</strong></span> <span class='ocrx_word' id='word_1_228' title='bbox 3073 4174 3384 4271; x_wconf 82' lang='lat' dir='ltr'><strong>Angliae</strong></span> <span class='ocrx_word' id='word_1_229' title='bbox 3435 4196 3600 4273; x_wconf 85' lang='lat' dir='ltr'><strong>pag.</strong></span> <span class='ocrx_word' id='word_1_230' title='bbox 3657 4194 3830 4249; x_wconf 66' lang='grc' dir='ltr'><strong>κει.</strong></span> 
     </span>
    </p>
   </div>
   <div class='ocr_carea' id='block_1_13' title="bbox 1034 4290 3951 4389">
    <p class='ocr_par' dir='ltr' id='par_1_13' title="bbox 1034 4290 3951 4389">
     <span class='ocr_line' id='line_1_30' title="bbox 1034 4290 3951 4389; baseline 0 -22"><span class='ocrx_word' id='word_1_231' title='bbox 1034 4318 1125 4367; x_wconf 82' lang='lat' dir='ltr'><strong>ex</strong></span> <span class='ocrx_word' id='word_1_232' title='bbox 1182 4294 1387 4369; x_wconf 86' lang='lat' dir='ltr'><strong>Beda</strong></span> <span class='ocrx_word' id='word_1_233' title='bbox 1442 4294 1568 4366; x_wconf 89' lang='lat' dir='ltr'><strong>lib.</strong></span> <span class='ocrx_word' id='word_1_234' title='bbox 1621 4310 1749 4364; x_wconf 89' lang='grc' dir='ltr'><strong>ιιι.</strong></span> <span class='ocrx_word' id='word_1_235' title='bbox 1801 4290 2001 4365; x_wconf 84' lang='lat' dir='ltr'><strong>Hist.</strong></span> <span class='ocrx_word' id='word_1_236' title='bbox 2058 4290 2260 4389; x_wconf 84' lang='lat' dir='ltr'><strong>Ang.</strong></span> <span class='ocrx_word' id='word_1_237' title='bbox 2317 4314 2474 4385; x_wconf 85' lang='lat' dir='ltr'><strong>cap.</strong></span> <span class='ocrx_word' id='word_1_238' title='bbox 2529 4310 2652 4365; x_wconf 87' lang='grc' dir='ltr'><strong>ιιι.</strong></span> <span class='ocrx_word' id='word_1_239' title='bbox 2705 4310 2783 4364; x_wconf 84' lang='lat' dir='ltr'><strong>v.</strong></span> <span class='ocrx_word' id='word_1_240' title='bbox 2837 4310 3013 4365; x_wconf 69' lang='grc' dir='ltr'><strong>ΧΠ.</strong></span> <span class='ocrx_word' id='word_1_241' title='bbox 3069 4309 3242 4365; x_wconf 77' lang='lat' dir='ltr'><strong>xvi.</strong></span> <span class='ocrx_word' id='word_1_242' title='bbox 3297 4310 3506 4365; x_wconf 84' lang='lat' dir='ltr'><strong>xvn.</strong></span> <span class='ocrx_word' id='word_1_243' title='bbox 3567 4292 3830 4367; x_wconf 81' lang='lat' dir='ltr'><strong>Petrus</strong></span> <span class='ocrx_word' id='word_1_244' title='bbox 3943 4374 3951 4381; x_wconf 62' lang='grc'><strong>,</strong></span> 
     </span>
    </p>
   </div>
   <div class='ocr_carea' id='block_1_14' title="bbox 1031 4406 3830 4853">
    <p class='ocr_par' dir='ltr' id='par_1_14' title="bbox 1031 4406 3830 4853">
     <span class='ocr_line' id='line_1_31' title="bbox 1034 4406 3830 4507; baseline -0.002 -22"><span class='ocrx_word' id='word_1_245' title='bbox 1034 4414 1159 4485; x_wconf 88' lang='lat' dir='ltr'><strong>lib.</strong></span> <span class='ocrx_word' id='word_1_246' title='bbox 1212 4428 1359 4483; x_wconf 83' lang='lat' dir='ltr'><strong>vn.</strong></span> <span class='ocrx_word' id='word_1_247' title='bbox 1418 4410 1747 4507; x_wconf 79' lang='lat' dir='ltr'><strong>catalogi</strong></span> <span class='ocrx_word' id='word_1_248' title='bbox 1796 4432 1954 4503; x_wconf 79' lang='lat' dir='ltr'><strong>cap.</strong></span> <span class='ocrx_word' id='word_1_249' title='bbox 2006 4426 2261 4481; x_wconf 79' lang='lat' dir='ltr'><strong>xx111.</strong></span> <span class='ocrx_word' id='word_1_250' title='bbox 2311 4406 2720 4481; x_wconf 86' lang='lat' dir='ltr'><strong>Adrianum</strong></span> <span class='ocrx_word' id='word_1_251' title='bbox 2775 4412 2960 4481; x_wconf 89' lang='lat' dir='ltr'><strong>male</strong></span> <span class='ocrx_word' id='word_1_252' title='bbox 3016 4417 3246 4483; x_wconf 83' lang='lat' dir='ltr'><strong>vocat.</strong></span> <span class='ocrx_word' id='word_1_253' title='bbox 3351 4408 3694 4482; x_wconf 87' lang='lat' dir='ltr'><strong>Camden.</strong></span> <span class='ocrx_word' id='word_1_254' title='bbox 3751 4410 3830 4480; x_wconf 92' lang='lat' dir='ltr'><strong>in</strong></span> 
     </span>
     <span class='ocr_line' id='line_1_32' title="bbox 1036 4516 3830 4623; baseline -0.002 -19"><span class='ocrx_word' id='word_1_255' title='bbox 1036 4526 1607 4603; x_wconf 84' lang='lat' dir='ltr'><strong>Northumbria:</strong></span> <span class='ocrx_word' id='word_1_256' title='bbox 1642 4536 1688 4569; x_wconf 78' lang='lat'><strong>⁸⁶</strong></span> <span class='ocrx_word' id='word_1_257' title='bbox 1712 4525 2085 4599; x_wconf 78' lang='lat' dir='ltr'><strong>Aidanum</strong></span> <span class='ocrx_word' id='word_1_258' title='bbox 2116 4524 2422 4623; x_wconf 32' lang='lat' dir='ltr'><strong>Scotum·</strong></span> <span class='ocrx_word' id='word_1_259' title='bbox 2445 4526 2538 4597; x_wconf 87' lang='lat' dir='ltr'><strong>ad</strong></span> <span class='ocrx_word' id='word_1_260' title='bbox 2572 4545 2740 4597; x_wconf 79' lang='lat' dir='ltr'><strong>suos</strong></span> <span class='ocrx_word' id='word_1_261' title='bbox 2775 4516 3190 4597; x_wconf 83' lang='lat' dir='ltr'><strong>Christiana</strong></span> <span class='ocrx_word' id='word_1_262' title='bbox 3219 4524 3565 4621; x_wconf 86' lang='lat' dir='ltr'><strong>religione</strong></span> <span class='ocrx_word' id='word_1_263' title='bbox 3596 4524 3830 4598; x_wconf 87' lang='lat' dir='ltr'><strong>imbu-</strong></span> 
     </span>
     <span class='ocr_line' id='line_1_33' title="bbox 1031 4640 3828 4738; baseline -0.001 -20"><span class='ocrx_word' id='word_1_264' title='bbox 1031 4647 1253 4719; x_wconf 83' lang='lat' dir='ltr'><strong>endos</strong></span> <span class='ocrx_word' id='word_1_265' title='bbox 1286 4643 1613 4717; x_wconf 81' lang='lat' dir='ltr'><strong>evocavit</strong></span> <span class='ocrx_word' id='word_1_266' title='bbox 1632 4640 1700 4715; x_wconf 57' lang='grc' dir='ltr'><strong>θ’</strong></span> <span class='ocrx_word' id='word_1_267' title='bbox 1746 4642 2093 4737; x_wconf 79' lang='lat' dir='ltr'><strong>superbe3</strong></span> <span class='ocrx_word' id='word_1_268' title='bbox 2145 4642 2295 4715; x_wconf 91' lang='lat' dir='ltr'><strong>imo</strong></span> <span class='ocrx_word' id='word_1_269' title='bbox 2326 4643 2582 4738; x_wconf 83' lang='lat' dir='ltr'><strong>legatis</strong></span> <span class='ocrx_word' id='word_1_270' title='bbox 2615 4642 2854 4713; x_wconf 74' lang='lat' dir='ltr'><strong>missia</strong></span> <span class='ocrx_word' id='word_1_271' title='bbox 2889 4642 3160 4736; x_wconf 30' lang='lat' dir='ltr'><strong>oravit.-</strong></span> <span class='ocrx_word' id='word_1_272' title='bbox 3185 4640 3470 4713; x_wconf 79' lang='lat' dir='ltr'><strong>Rursus</strong></span> <span class='ocrx_word' id='word_1_273' title='bbox 3505 4642 3582 4713; x_wconf 90' lang='lat' dir='ltr'><strong>in</strong></span> <span class='ocrx_word' id='word_1_274' title='bbox 3615 4640 3828 4714; x_wconf 79' lang='lat' dir='ltr'><strong>Insu-</strong></span> 
     </span>
     <span class='ocr_line' id='line_1_34' title="bbox 1032 4756 3828 4853; baseline -0.001 -18"><span class='ocrx_word' id='word_1_275' title='bbox 1032 4766 1164 4836; x_wconf 71' lang='lat' dir='ltr'><strong>liat</strong></span> <span class='ocrx_word' id='word_1_276' title='bbox 1217 4774 1263 4809; x_wconf 84' lang='lat'><strong><em>“</em></strong></span> <span class='ocrx_word' id='word_1_277' title='bbox 1295 4762 1387 4837; x_wconf 83' lang='lat' dir='ltr'><strong>In</strong></span> <span class='ocrx_word' id='word_1_278' title='bbox 1420 4758 1881 4833; x_wconf 80' lang='lat' dir='ltr'><strong>Lindisfarne</strong></span> <span class='ocrx_word' id='word_1_279' title='bbox 1910 4756 2274 4833; x_wconf 80' lang='lat' dir='ltr'><strong>Aidanius</strong></span> <span class='ocrx_word' id='word_1_280' title='bbox 2305 4756 2564 4832; x_wconf 78' lang='lat' dir='ltr'><strong>Scotus</strong></span> <span class='ocrx_word' id='word_1_281' title='bbox 2597 4758 2836 4831; x_wconf 82' lang='lat' dir='ltr'><strong>sedem</strong></span> <span class='ocrx_word' id='word_1_282' title='bbox 2869 4758 3338 4853; x_wconf 77' lang='lat' dir='ltr'><strong>episcopalem</strong></span> <span class='ocrx_word' id='word_1_283' title='bbox 3383 4758 3828 4832; x_wconf 84' lang='lat' dir='ltr'><strong>constituit.”</strong></span> 
     </span>
    </p>
   </div>
  </div>
 </body>
</html>
