4384 5817
1112 496 1249 567 276
1894 503 2364 575 ms'roma
2407 506 3164 579 EchESIAS'ncA

1120 692 1425 785 Scripsit
1454 692 1575 765 hic

1412 808 1785 904 Epistolas
1818 814 1911 885 ad
1944 804 2390 887 Baitbenum
2423 816 2788 893 Abbatem
3105 818 3232 891 lib.
3271 838 3326 891 1.

1413 926 1605 1001 Acta
1636 928 2031 1003 Columbae
3105 936 3232 1007 lib.
3271 954 3328 1007 1.

1210 1044 1495 1119 Claruit
1526 1070 1719 1119 anno
1754 1065 2153 1123 DLxxxu.

2032 1280 2107 1355 S.
2158 1282 2726 1359 FINDOCHA.
2827 1290 2999 1357 508.

1110 1512 1184 1586 S.
1222 1514 1677 1588 Fumocffl
1708 1516 1921 1613 virgo
1952 1537 2224 1615 magna
2267 1517 2674 1591 sanctitatis
2723 1518 2922 1593 fama
2969 1520 3112 1593 sub
3149 1543 3320 1617 rege
3361 1522 3702 1597 Conrano
3745 1524 3908 1597 dici-

1106 1640 1233 1703 tur
1262 1630 1615 1717 floruisse,
1645 1656 1730 1706 ac
1760 1636 2001 1707 nescio
2030 1656 2127 1705 an
2158 1656 2308 1707 non
2339 1658 2490 1707 una
2521 1658 2609 1707 ea
2637 1658 2732 1709 ex
2762 1635 2839 1709 S.
2873 1636 3278 1710 Donevaldi
3311 1638 3622 1725 filiabus,
3653 1644 3720 1713 si
3745 1664 3906 1715 vm

1108 1756 1219 1819 est
1249 1750 1705 1843 quorundam
1739 1752 2185 1843 supputatio.
2289 1750 2480 1847 Ejus
2513 1763 2624 1824 est

1402 1864 1518 1938 De
1546 1864 1727 1939 Vita
1756 1866 2340 1961 Contemplativa
2373 1867 3026 1943 commentariolus
3193 1873 3318 1945 lib.
3359 1892 3412 1945 1.

1202 1980 1519 2056 Vivebat
1550 2006 1743 2056 anno
1776 1998 2075 2055 Dxxvl.
2176 1982 2552 2057 Recolitur
2585 1986 2746 2081 ejus
2779 2008 2982 2059 sacra
3015 1992 3360 2061 memoria
3390 1990 3508 2062 die
3549 2010 3742 2063 nn.
3775 1990 3906 2062 Oc·

1106 2099 1355 2173 tostis.
1460 2099 1769 2173 Kalend.
1802 2098 2073 2173 Adami
2110 2100 2355 2198 Regii.

1924 2333 1999 2405 s,
2048 2332 2820 2410 FLORENTINUS.
2923 2341 3092 2417 509.

1100 2568 1175 2642 S.
1212 2569 1843 2652 FLonENTmUS,
1876 2570 2071 2665 regis
2102 2568 2486 2641 Scotorum
2517 2569 2732 2655 filius,
2783 2572 2904 2643 vir
2949 2571 3356 2644 incredibili
3403 2574 3786 2647 sanctitate
3831 2576 3902 2645 in

1098 2684 1355 2758 Galliis
1412 2686 1696 2770 colitur,
1754 2686 2025 2778 templo
2083 2686 2151 2757 ei
2211 2686 2292 2757 in
2349 2708 2640 2758 nemore
2694 2688 3121 2761 densissimo
3177 2689 3506 2763 dedicato
3561 2690 3642 2762 in
3699 2692 3902 2763 Cam·

1098 2804 1316 2895 pania
1346 2825 1495 2875 non
1538 2805 1751 2897 longe
1798 2800 2256 2898 Lingonibus
2287 2821 2307 2874 ε
2357 2802 2566 2898 cujus
2600 2805 2776 2889 vita,
2811 2804 2904 2878 ab
2951 2806 3226 2879 incerto
3272 2816 3568 2881 auctore
3615 2808 3896 2900 scripta,

1100 2938 1281 2991 xlx.
1316 2918 1671 3013 capitibus
1704 2920 2138 2991 continetur.
2215 2932 2261 2964 “
2299 2942 2350 2993 1.
2389 2918 2553 2992 Rex
2583 2920 2866 2995 Scotiae
2897 2921 3048 2995 filio
3081 2946 3216 2997 suo
3248 2924 3676 2996 Florentino
3707 2947 3897 2997 eoro-

1098 3060 1267 3110 nam
1300 3036 1533 3122 offert,
1570 3044 1647 3108 et
1680 3036 1857 3129 quid
1890 3037 1980 3107 de
2014 3060 2099 3109 ea
2134 3038 2487 3122 videatur,
2521 3040 2826 3131 quaerit,
2859 3039 2986 3111 sed
3019 3039 3158 3111 sub
3189 3049 3472 3111 noctem
3517 3040 3895 3133 intempes-

1098 3166 1247 3227 tam
1282 3156 1583 3251 angelus
1617 3155 1681 3225 ei
1718 3154 2110 3226 discessum
2140 3156 2464 3228 nunciat.
2541 3172 2630 3226 11.
2669 3153 3134 3227 Florentinus
3158 3157 3444 3227 itineris
3469 3158 3582 3228 sui
3609 3157 3896 3229 comites

1098 3274 1402 3369 triginta
1434 3272 1867 3365 optimatum
1904 3270 2087 3343 filios
2124 3274 2364 3367 elegit,
2408 3272 2673 3364 quibus
2717 3292 3078 3370 coronam⁸
3104 3274 3437 3345 ostendit.
3539 3291 3664 3344 111.
3717 3273 3892 3345 Orat

1096 3390 1355 3473 Deum,
1412 3388 1641 3481 possit
1686 3409 1881 3457 mare
1932 3388 2286 3483 trajicere,
2337 3396 2412 3459 et
2449 3388 2746 3483 angelus
2791 3411 2832 3458 e
2875 3388 3072 3459 coelo
3117 3411 3400 3461 crucem
3447 3390 3702 3472 defert,
3751 3412 3888 3481 qua

1096 3506 1389 3602 trajicit.
1546 3522 1655 3574 lv.
1728 3502 1894 3596 Ipse
1954 3526 2119 3575 cum
2172 3505 2382 3575 sociis
2441 3504 2635 3573 cruci
2701 3503 3020 3576 insidens
3087 3506 3452 3601 enavigat.
3575 3524 3652 3575 V.
3707 3504 3891 3575 Mari

1096 3624 1233 3718 traj
1242 3632 1419 3707 ect0,
1458 3630 1761 3714 oportet,
1797 3619 2063 3714 inquit,
2106 3621 2480 3718 sigillatim
2529 3620 2869 3711 separari,
2920 3629 3007 3692 ut
3055 3620 3213 3693 Deo
3263 3622 3685 3693 serviamus
3785 3638 3890 3691 vl.

1096 3738 1485 3811 Bonettam
1518 3737 1771 3810 urbem
1806 3737 2165 3821 accedens,
2201 3758 2581 3829 porcorum
2615 3736 2980 3809 custodiae
3013 3760 3090 3809 se
3122 3739 3310 3809 locat
3335 3756 3616 3809 xxxn.
3643 3760 3884 3809 annos.

1097 3874 1241 3929 vu.
1295 3856 1387 3928 In
1419 3876 1565 3947 quo
1599 3854 1938 3927 subulcus
1971 3851 2137 3936 fuit,
2170 3852 2334 3925 fons
2369 3860 2500 3935 est,
2535 3863 2608 3924 et
2643 3851 2961 3923 baculus.
3045 3871 3226 3923 vul.
3280 3851 3548 3925 Porcos
3583 3854 3674 3924 ad
3711 3876 3888 3925 nun-

1096 3974 1302 4045 dinas
1335 3972 1831 4067 Lingonenses
1866 3968 2099 4041 duxit.
2204 3976 2326 4040 lx.
2358 3968 2644 4053 Caecos,
2680 3968 2994 4054 claudos,
3033 3978 3270 4041 mutos
3305 3978 3536 4040 sanat.
3641 3988 3724 4041 x.
3757 3969 3888 4041 Ca·

1095 4089 1477 4159 codaemon
1510 4088 1589 4159 in
1612 4085 1847 4160 forma
1872 4087 2151 4179 puellae
2175 4083 2732 4157 formosissimae
2759 4086 2823 4155 ei
2849 4088 3200 4157 annulum
3227 4085 3637 4176 pronubum
3663 4087 3886 4169 offert,

1092 4206 1335 4275 dicens
1368 4204 1572 4276 illum
1612 4225 1767 4276 esse
1800 4202 2180 4274 Scotorum
2214 4202 2406 4297 regis
2433 4201 2683 4273 filium.
2773 4218 2890 4273 x1.
2919 4200 3108 4273 Cum
3129 4202 3640 4274 cacodaemone
3661 4204 3888 4277 tribus
3969 4215 3974 4219 '

1094 4320 1346 4393 diebus
1380 4329 1455 4391 et
1488 4320 1790 4392 totidem
1822 4318 2154 4392 noctibus
2201 4318 2358 4389 sine
2399 4319 2740 4391 missione
2789 4330 3093 4414 pugnat.
3197 4336 3350 4389 ΧΠ.
3403 4316 3890 4393 Cacodaemon

1090 4446 1392 4513 conatur
1410 4458 1699 4509 sensum
1720 4436 1787 4508 ei
1810 4435 2105 4529 eripere.
2178 4451 2366 4505 xnt.
2395 4433 2751 4507 Baculum
2775 4434 2982 4507 humi
3006 4434 3256 4505 defixit
3279 4434 3748 4521 dormiturus,
3769 4439 3892 4530 qui

1089 4556 1293 4629 fonte
1316 4562 1477 4627 orto
1502 4552 1773 4625 radices
1808 4552 1981 4648 egit.
2061 4570 2236 4623 XIV.
2277 4550 2542 4623 Incidit
2569 4551 2646 4621 in
2678 4550 3034 4633 morbum,
3069 4559 3144 4621 et
3177 4552 3475 4645 angelus
3501 4554 3887 4625 transitum

1090 4671 1409 4757 nunciat,
1438 4670 1602 4765 quis
1628 4670 1747 4756 sit,
1786 4668 2059 4762 pastori
2084 4671 2382 4741 revelat.
2461 4684 2602 4739 xv·
2639 4666 2840 4751 Obit,
2866 4666 3354 4761 praescribens
3379 4678 3464 4739 ut
3489 4690 3576 4739 eo
3599 4670 3735 4740 loci
3759 4670 3890 4741 hu-

1090 4798 1432 4874 maretur,
1482 4810 1629 4883 quo
1678 4789 1825 4860 duo
1864 4786 2057 4857 tauri
2108 4786 2354 4857 currui
2403 4784 2826 4877 impositum
2874 4782 3260 4857 deferrent.
3361 4800 3540 4855 xvl.
3592 4784 3684 4856 In
3717 4785 3886 4857 den-
