4384 5817
1313 524 1673 595 GENTIS
1718 524 2282 608 SCOTORUM,
2326 525 2508 596 LIB.
2549 525 2670 599 VI.
3265 530 3396 599 297

589 718 1077 791 munitissima
1111 718 1365 791 urbem
1398 726 1650 793 tuetur
1680 717 2057 812 reliquam.
2158 715 2271 791 At
2295 741 2387 790 ne
2419 718 2706 815 longior
2737 740 2957 811 quam
2989 741 3124 812 par
3155 720 3252 792 sit
3285 721 3394 792 vi-

588 838 783 922 dear,
821 835 1149 922 infinitis,
1186 858 1373 929 quae
1406 844 1818 929 supersunt,
1851 832 2073 929 hujus
2098 834 2301 909 urbis
2325 836 2660 909 laudibus
2688 836 3138 931 supersedeo,
3171 837 3394 930 siqui-

586 954 751 1025 dem
786 975 907 1025 eas
938 953 1019 1025 in
1054 952 1437 1026 Itinerario
1479 950 1737 1025 Italiae
1780 952 2031 1023 retulit
2076 952 2358 1049 Capug.
2414 952 2842 1025 Franciscus
2879 951 3158 1039 ScotuS,
3203 954 3396 1051 Ant-

587 1069 989 1163 verpiensis
1031 1068 1307 1153 doctor,
1340 1067 1601 1141 Frater
1632 1066 1962 1141 Leander
1992 1066 2283 1141 Alberti
2327 1072 2405 1141 in
2451 1069 2954 1162 Descriptione
2999 1067 3278 1156 Italiae,
3319 1074 3394 1143 e't

588 1185 677 1257 F.
725 1184 979 1257 Jacob.
1010 1183 1415 1278 *Philippus
1448 1185 1526 1255 in
1558 1180 2011 1256 Additionib.
2062 1186 2156 1257 ad
2206 1184 2650 1282 Doglionum
2701 1186 2778 1257 in
2829 1185 3394 1278 Amphitheatro

585 1300 949 1395 Europae,
984 1300 1301 1373 Locatus
1326 1300 1406 1373 in
1433 1299 1765 1379 Historia
1796 1300 2130 1373 laudatae
2164 1302 2522 1389 civitatis3
2570 1324 2756 1395 quae
2787 1298 3128 1373 Straboni
3159 1302 3285 1375 lib.
3313 1320 3390 1372 v,

585 1416 761 1489 urbs
821 1414 1021 1489 fama
1068 1416 1365 1489 celebris
1415 1416 1703 1499 dicitur,
1755 1413 2149 1489 Plutarcho
2192 1419 2274 1489 in
2321 1418 2614 1491 Othone
2657 1417 2962 1491 illustris
3013 1425 3089 1490 et
3132 1415 3394 1491 florens

587 1534 681 1605 ad
712 1532 1139 1626 quatumvis
1187 1532 1483 1605 urbium
1528 1531 2033 1619 collationem3
2088 1537 2283 1628 apud
2333 1534 2752 1618 Cornelium
2803 1532 3142 1607 Tacitum
3191 1536 3397 1607 audit

586 1648 761 1721 urbs
811 1655 1067 1741 potens
1116 1648 1375 1741 opibus
1428 1656 1503 1721 et
1546 1648 1793 1733 armis,
1842 1650 2050 1745 cujus
2100 1661 2175 1724 et
2224 1650 2320 1723 D.
2355 1651 2788 1723 Ambrosius
2821 1652 3029 1743 epist.
3069 1668 3250 1723 v111.
3303 1653 3398 1724 ad

588 1764 949 1837 Faustum
980 1761 1436 1836 nobilitatem
1466 1764 1735 1859 arguit,
1768 1773 1843 1837 et
1874 1767 2390 1861 antiquitatem
2413 1767 2736 1863 ejusdem
2762 1790 2805 1838 a
2827 1768 3143 1840 nomine.
3220 1768 3400 1839 Om-

586 1882 713 1953 nia
756 1889 1003 1953 tamen
1044 1888 1351 1972 superat.
1390 1880 1736 1965 encomia,
1784 1902 1933 1973 quo
1982 1880 2200 1981 Greg.
2251 1883 2352 1959 X.
2403 1906 2624 1977 supra
2671 1884 3032 1969 laudatus,
3083 1887 3398 1978 patriam

584 2020 794 2071 suam
828 1998 1255 2091 compellat3
1308 1997 1431 2068 ille
1464 1996 1659 2068 enim
1684 1997 1771 2073 in
1802 2020 1909 2083 ea,
1956 2022 2177 2093 quam
2209 2002 2306 2075 ad
2338 2001 2804 2074 Placentinos
2829 2002 3024 2074 cives
3068 2023 3118 2074 a
3154 2023 3398 2073 conse-

590 2116 911 2187 cratione
960 2136 1097 2187 sua
1144 2112 1455 2205 scripsit,
1508 2112 1707 2185 bulla
1754 2114 1927 2187 data
1967 2114 2212 2192 Later.
2251 2136 2362 2193 lv·
2397 2120 2530 2191 cal.
2576 2117 2763 2212 Apr.
2796 2125 2998 2213 pont.
3047 2118 3162 2191 sui
3207 2140 3400 2191 anno

588 2250 643 2303 1.
678 2233 809 2304 sal.
845 2254 1021 2304 vero
1051 2231 1255 2302 hum.
1294 2246 1747 2302 MCOLxxn.
1792 2240 1905 2315 ut,
1939 2234 2198 2325 positis
2231 2236 2416 2309 odiis
2450 2244 2524 2309 et
2569 2234 3173 2320 contentionibus,
3217 2244 3400 2309 una-

586 2349 818 2421 nimes
867 2346 1223 2432 viverent,
1282 2355 1496 2421 vocat
1549 2347 1753 2419 illam
1796 2348 2167 2425 civitatem
2213 2351 2490 2425 dudum
2535 2336 2864 2425 virorum
2905 2352 3400 2445 praeditorum

595 2464 1020 2550 virtutibus,
1070 2474 1147 2537 et
1194 2464 1619 2537 divitiarum
1668 2462 2108 2539 fecunditate
2154 2466 2621 2559 praeclaram,
2669 2465 2997 2537 claritate
3029 2466 3401 2558 conspicu-

586 2604 729 2667 am,
762 2591 839 2654 et
869 2582 1197 2675 ipsorum
1228 2581 1677 2655 abundantia
1706 2582 1789 2653 in
1818 2590 2206 2676 conspectu
2231 2582 2556 2653 omnium
2581 2582 2995 2677 gloriosam.
3080 2579 3402 2653 Narniae

594 2698 849 2771 itidem
898 2698 977 2769 in
1028 2696 1337 2771 Umbria
1394 2697 1796 2771 celebratur
1849 2698 2298 2771 nobilissima
2345 2706 2422 2770 et
2467 2698 2975 2791 antiquissima
3023 2696 3402 2771 Scotorum

587 2814 869 2887 familia
898 2815 1245 2888 comitum
1280 2813 1527 2886 Sancti
1559 2812 1741 2898 Viti,
1792 2836 1980 2909 quae
2024 2815 2332 2887 traxisse
2375 2836 2453 2887 se
2499 2814 2853 2911 originem
2899 2839 2948 2886 a
2987 2823 3203 2911 gente
3235 2812 3402 2887 Sco·

586 2932 733 3005 tica
762 2932 1179 3004 immediate
1208 2938 1575 3003 asseverat
1622 2938 1699 3001 et
1741 2931 2122 3026 gloriatur.
2223 2927 2302 3002 N
2301 2952 2444 3003 unc
2488 2953 2663 3004 vero
2707 2932 3022 3003 maxime
3065 2930 3254 3003 hanc
3295 2930 3404 3005 fa-

587 3048 864 3121 miliam
896 3048 1216 3121 illustrat
1262 3047 1663 3140 splendore,
1710 3054 1784 3118 et
1829 3056 2051 3143 auget
2098 3050 2374 3133 decore,
2426 3048 2544 3121 vir
2583 3070 2958 3143 nunquam
2992 3048 3170 3121 satis
3213 3070 3407 3121 com-

587 3164 991 3249 mendatus,
1021 3161 1273 3257 Eques
1300 3162 1561 3236 Frater
1586 3162 1956 3257 Sylvester
1982 3162 2262 3247 Scotus,
2297 3162 2448 3255 qui,
2487 3162 2738 3234 haeres
2771 3162 3138 3235 avitarum
3171 3164 3404 3236 virtu-

586 3291 771 3367 tum,
806 3281 901 3352 ad
934 3280 1380 3373 amplissima
1423 3278 1783 3351 honorum
1834 3278 2153 3351 culmina
2195 3280 2390 3371 apud
2437 3279 3014 3351 illustrissimum
3061 3302 3146 3353 ac
3200 3302 3404 3352 reve-

584 3396 1101 3469 rendissimum
1124 3395 1561 3469 Uduardum
1592 3395 1809 3469 Card.
1846 3394 2278 3468 Famesium
2311 3403 2423 3468 est
2454 3404 2767 3468 evectus.
2847 3392 2973 3467 Ex
3004 3396 3142 3469 hac
3173 3398 3402 3491 stirpe

588 3514 859 3605 prodiit
890 3534 1201 3608 magnus
1233 3512 1357 3583 ine
1399 3512 1767 3606 quondam
1812 3512 1931 3584 vir
1976 3510 2476 3585 Bernardinus
2521 3510 2802 3597 Scotus,
2849 3536 2890 3583 e
2936 3511 3194 3585 Castro
3242 3514 3402 3587 Ma-

586 3630 765 3701 liani
800 3630 1141 3702 dioecesis
1176 3628 1614 3714 SabinensiS,
1650 3630 1779 3723 qui
1812 3651 1905 3703 ex
1948 3630 2204 3703 clerico
2254 3627 2783 3702 Theatinorum
2831 3628 3312 3727 Regularium
3357 3656 3402 3703 a

592 3746 821 3818 Paulo
856 3746 989 3820 IV.
1023 3746 1341 3839 primum
1374 3746 1957 3839 archiepiscopus
1989 3736 2386 3818 Tranensis
2419 3746 2677 3830 factus,
2710 3754 2962 3838 postea
3011 3746 3103 3818 ab
3150 3748 3400 3819 eodem

592 3864 787 3936 inter
816 3870 1257 3955 purpuratos
1292 3870 1535 3955 patres
1570 3862 1950 3956 ascriptus,
1983 3870 2146 3935 tum
2177 3863 2468 3934 demum
2511 3862 2604 3934 ad
2650 3864 3038 3958 regendam
3083 3866 3401 3938 decesso-

590 3981 693 4052 ris
726 3979 842 4051 sui
876 3978 1217 4051 Fulconis
1266 3977 1675 4050 Placentiae
1724 3978 2089 4051 ecclesiam
2140 3976 2286 4051 fuit
2335 3980 2649 4065 missus3
2704 3982 2910 4076 cujus
2964 3982 3272 4055 virtutes
3323 3984 3400 4055 in

592 4098 749 4169 vita
804 4103 1119 4189 quantae
1171 4094 1406 4168 fuerIn
1414 4106 1466 4179 t,
1518 4094 1777 4178 Roma,
1828 4093 2221 4178 Placentia,
2273 4105 2348 4167 et
2396 4105 2594 4169 totus
2646 4098 2840 4170 orbis
2891 4110 3280 4173 veneratur
3327 4114 3401 4175 et

587 4211 1069 4305 depraedicat.

1586 4525 1809 4583 FINIS
1848 4526 2079 4581 LIBRI
2118 4528 2385 4583 SEXTI.
