4384 5817
1257 557 1611 628 GENTIS
1660 555 2216 636 SCOTORUM,
2267 553 2447 622 LIB.
2495 553 2577 619 V.
3182 549 3314 615 24¹7

530 756 848 827 lebratur
879 751 996 822 die
1030 768 1153 820 111.
1189 747 1547 842 Septemb.
1637 748 1865 821 Index
1898 747 2292 841 salisburg.
2331 742 2601 816 EccleS.
2638 749 2714 813 et
2743 762 2836 812 ex
2867 761 2952 860 eo
2979 739 3071 810 ad
3096 739 3303 810 illum

531 872 715 942 diem
754 868 945 941 idem
980 864 1347 937 Arnoldus
1382 863 1649 936 Uvion.

1348 1094 1422 1169 S.
1476 1093 2207 1167 EBERHARDUS.
2311 1095 2479 1163 452.

530 1341 571 1373 ‘⁴
606 1331 683 1403 S.
720 1329 1317 1414 EBERHARDUS,
1352 1331 1725 1422 episcopus
1760 1325 2330 1408 Ratisbonensis,
2365 1325 2482 1394 vir
2522 1323 2688 1415 pius
2735 1330 2809 1394 et
2848 1328 3156 1402 sanetus,
3203 1315 3316 1388 oi·-

526 1457 645 1518 tus
677 1446 917 1516 fuerat
947 1467 1037 1516 ex
1082 1443 1383 1529 Scotia,”
1432 1447 1538 1516 ait
1586 1445 1849 1516 Petrus
1900 1441 2350 1533 Cratepolius
2395 1439 2485 1510 (le
2529 1436 2866 1530 Episcop.
2909 1434 3312 1505 Germanis.

526 1558 598 1629 S.
656 1557 1015 1648 Hidulphi
1062 1555 1281 1640 Scoti,
1335 1555 1785 1627 Trevirensis
1836 1556 2370 1648 archiepiscopi,
2423 1555 2836 1646 discipuluS,
2882 1553 2963 1623 in
3004 1548 3320 1620 Bavaria

526 1673 600 1745 S.
638 1671 935 1744 Otilia'm
970 1671 1315 1765 principis
1358 1671 1579 1742 filiam
1636 1693 1913 1742 caecam
1965 1672 2383 1763 baptizavit,
2436 1680 2510 1742 et
2558 1667 3016 1749 illuminavit,
3068 1665 3316 1736 multis

526 1789 891 1860 miraculis
934 1784 1113 1878 post'
1132 1797 1438 1858 mortem
1471 1789 1726 1858 clarus.
1812 1787 2220 1858 Chronicon
2253 1786 2582 1858 Chronic.
2623 1784 2673 1855 J
2673 1785 2926 1856 oannis
2961 1782 3318 1855 Gualterii

530 1915 703 1975 tom.
743 1921 867 1974 111.
902 1924 1068 1998 pag.
1106 1919 1399 1973 McDLI.
1440 1911 1485 1945 ‘⁴
1511 1901 1584 1974 S.
1623 1900 2085 1974 Eberhardus
2119 1904 2490 1996 episcopus
2517 1899 3083 1982 Ratisbonensis,
3118 1903 3320 1968 ortus

530 2040 617 2090 ex
651 2018 957 2090 Scotia.'’
1060 2017 1364 2109 Scripsit

823 2131 946 2204 Ad
978 2132 1304 2205 Bavaros
1340 2132 1547 2204 Fidei
1585 2132 2025 2205 Rudimenta
2417 2133 2538 2206 lib.
2577 2151 2630 2204 1.

627 2248 909 2322 Claruit
942 2271 1131 2321 anno
1166 2266 1271 2320 Dc
1279 2265 1535 2320 LXXV.
1573 2250 1861 2341 quando
1895 2248 2174 2334 obierit,
2210 2271 2355 2321 non
2387 2250 2643 2340 reperi.

1521 2479 1594 2552 S.
1650 2478 2077 2552 ELIFIUS.
2178 2484 2348 2554 453.

532 2727 575 2758 ‘⁶
608 2715 682 2788 S.
736 2713 1107 2796 Eunus,
1158 2711 1349 2783 filius
1396 2714 1589 2808 regis
1640 2711 1919 2786 Scotiae
1974 2713 2446 2797 Fincormaci,
2480 2721 2566 2786 ut
2600 2715 2951 2796 existimo,
2990 2722 3120 2784 aut
3151 2734 3322 2783 sane

530 2827 995 2913 Crathlinthi,
1056 2836 1141 2900 ut
1190 2829 1351 2900 aliis
1400 2828 1662 2913 visum,
1714 2829 1983 2901 relictis
2034 2831 2186 2902 suis
2235 2830 2866 2920 possessionibus,”
2910 2831 3016 2900 ait
3064 2827 3326 2900 Petrus

532 2945 983 3037 Cratepolius
1032 2965 1199 3040 pag.
1248 2960 1395 3014 Lu,
1446 2948 1765 3037 perrexit
1812 2947 1892 3017 in
1946 2945 2241 3029 Gallias,
2302 2955 2376 3017 et
2433 2946 2510 3015 in
2567 2946 2744 3017 urbe
2795 2943 3120 3016 Tullensi
3165 2965 3328 3014 cum

533 3074 849 3134 xxxnl.
885 3061 1095 3131 sociis
1128 3060 1205 3130 in
1240 3081 1591 3131 carcerem
1625 3071 1711 3132 ut
1743 3064 2152 3153 explorator
2184 3061 2420 3144 datuS,
2470 3062 2658 3132 mira
2687 3061 2828 3132 Dei
2877 3061 3330 3153 providentia

532 3186 751 3250 noctu
784 3176 1103 3258 eductus,
1139 3192 1270 3246 cn.
1305 3174 1511 3248 brevi
1544 3179 1777 3268 spatio
1811 3176 2185 3248 Tullenses
2232 3179 2324 3247 ad
2359 3175 2572 3248 fidem
2606 3178 3008 3260 convertit3
3063 3176 3324 3268 quibus

532 3304 683 3366 tam
716 3292 859 3385 piis
904 3291 1083 3364 actis
1126 3288 1463 3362 Julianus
1500 3291 1889 3383 'parabates
1939 3293 2291 3374 invidens,
2343 3315 2508 3364 eum
2560 3293 3170 3386 comprehensum,
3221 3292 3329 3362 di-

533 3412 775 3502 risque
827 3407 1259 3478 cruciatibus
1309 3406 1664 3490 affectum,
1716 3409 1949 3500 capite
1990 3409 2378 3491 truncavit,
2429 3410 2620 3501 quod
2669 3410 2790 3480 ille
2839 3406 3168 3480 manibus
3218 3429 3330 3476 ar-

534 3534 821 3618 reptum
854 3544 983 3617 per
1015 3524 1211 3593 mille
1248 3544 1505 3614 passus
1554 3523 1744 3605 tulit,
1796 3524 1922 3594 ubi
1964 3524 2247 3615 sepeliri
2282 3526 2556 3609 voluit3
2610 3525 2730 3594 sed
2782 3533 3030 3614 postea
3077 3522 3329 3610 Bruno

536 3639 979 3711 Coloniensis
1038 3638 1609 3730 archiepiscopus
1662 3639 2056 3730 pretiosum
2118 3646 2194 3708 et
2241 3640 2602 3712 miraculis
2653 3640 3126 3709 clarissimum
3179 3659 3330 3708 cor·

534 3776 671 3846 pus
704 3755 1100 3826 transtulit.
1200 3751 1393 3824 Acta
1440 3763 1691 3824 extant
1740 3777 1785 3824 a
1828 3753 1901 3824 S.
1951 3754 2294 3826 Brunone
2343 3755 2870 3847 archiepiscopo
2919 3751 3325 3825 Coloniensi

540 3870 962 3961 conscripta.
1068 3867 1235 3940 Gul.
1272 3866 1765 3964 Eisingrinius
1800 3871 1992 3961 apud
2024 3868 2073 3937 J
2074 3891 2375 3967 oannem
2411 3871 2785 3942 Molanum
2817 3868 3194 3941 Addition.
3239 3871 3330 3939 ad

540 3984 957 4056 Usum-dum
983 3985 1099 4056 die
1127 4004 1243 4056 lx.
1269 3983 1320 4054 J
1319 3985 1473 4057 ulu
1560 3983 1817 4057 Surius
1844 3987 2072 4056 vitam
2102 3987 2357 4058 recitat
2381 4007 2472 4058 ex
2496 3985 2571 4055 S.
2608 3986 2932 4077 Ruperto
2965 3984 3329 4057 Tuitiensi

540 4109 714 4171 tom.
751 4087 836 4169 v.
866 4099 1193 4171 dedicata
1220 4099 1509 4172 Albano
1542 4099 1776 4186 Scoto,
1812 4101 2053 4175 abbati
2098 4099 2472 4174 Scotorum
2516 4100 2852 4173 Coloniae
2897 4103 2986 4172 ad
3021 4101 3096 4172 S.
3135 4101 3332 4174 Mar-

540 4216 698 4287 tini.
804 4213 993 4310 Ejus
1028 4224 1140 4288 est
1333 4283 1341 4290 .

835 4329 1273 4404 Exhortatio
1308 4334 1397 4403 ad
1438 4331 1801 4426 Martyres
2419 4336 2544 4407 lib.
2584 4354 2634 4406 1.

636 4445 926 4518 Floruit
984 4470 1173 4520 anno
1234 4467 1383 4521 ccc
1394 4465 1465 4518 1..
1568 4447 1983 4540 Requiescit
2035 4449 2247 4522 hodie
2299 4454 2393 4523 ad
2450 4452 2543 4523 D.
2606 4450 2910 4522 Martini
2969 4450 3327 4524 Coloniae.

541 4559 825 4630 Colitur
858 4562 972 4633 die
1007 4581 1181 4634 ΧΠ.
1218 4563 1513 4635 Octobr.
1551 4563 1823 4649 Molan.
1860 4587 2111 4657 passus
2145 4568 2224 4638 in
2264 4568 2444 4640 urbe
2485 4567 3002 4662 Lotharingiae
3047 4569 3329 4663 grandi,

538 4676 629 4746 ad
663 4674 739 4746 S.
778 4674 1085 4748 Martini
1116 4682 1499 4752 collocatus
1536 4698 1675 4751 xv.
1712 4679 1762 4750 J
1762 4703 2013 4753 anuar.
2059 4705 2186 4774 per
2220 4682 2670 4755 Walramum
2703 4683 3331 4775 archiepiscopum.
3393 4773 3404 4783 ρ

538 4787 807 4862 Chron.
844 4792 1098 4868 Colon.

1876 4919 2015 4983 21
