4384 5817
1124 599 1257 666 256
1898 597 2368 669 HISTORIA
2414 595 3170 669 ECCLESIASTICA

1134 791 1455 887 ejusdem
1488 791 1805 884 corporis
1834 791 2310 864 sanctissimis
2341 789 2664 884 reliquiis
2698 788 2775 862 S.
2813 787 3196 950 Regulus·
3175 811 3255 864 m
3287 787 3606 866 Scotiam
3651 794 3927 866 detulit.

1132 905 1321 979 Vide
1355 905 1526 978 alibi
1560 907 1695 978 hoc
1726 929 1961 1000 opere.
2063 905 2370 1000 Scripsit

1434 1021 2018 1096 'I'ranslationem
2052 1023 2129 1096 S.
2162 1021 2500 1095 Andreae
3120 1021 3251 1098 lib.
3290 1040 3346 1095 1.

1436 1139 1527 1211 In
1563 1161 1799 1210 sacras
1834 1139 2240 1233 Scripturas
2275 1137 2548 1230 aliquid
3115 1138 3332 1210 lib.1.
3385 1137 3530 1212 Sed
3564 1157 3650 1213 N.
3687 1157 3768 1212 1..

1238 1255 1581 1328 Florebat
1640 1276 1830 1327 anno
1882 1272 2275 1327 CCCLXIX.
2337 1252 2682 1327 Meminit
2731 1253 2832 1326 Η.
2893 1251 3249 1391 Boethius
3307 1255 3432 1328 lib.
3484 1273 3596 1328 vl.
3655 1256 3928 1330 Histor.

1134 1373 1325 1445 Scot.
1360 1394 1528 1467 pag.
1565 1389 1693 1444 cv·
1730 1380 1805 1443 et
1836 1372 1981 1443 alii.

2027 1603 2101 1676 S.
2152 1599 2758 1676 EDMUNDUS.
2863 1604 3034 1684 472.

1132 1841 1207 1914 S.
1264 1839 1777 1922 EDMUNDUs,
1836 1837 2208 1910 Malcolmi
2267 1833 2412 1908 111.
2463 1836 2664 1932 regis
2715 1833 2905 1908 filius
2955 1859 3046 1908 ex
3104 1834 3180 1909 S.
3231 1835 3674 1932 Murgan-eta,
3731 1848 3930 1931 patre

1126 1957 1413 2030 insidiis
1445 1954 1675 2051 Angli
1710 1956 1791 2027 in
1825 1953 2362 2050 expugnatione
2393 1949 2662 2032 Anvici
2695 1962 3090 2046 perempto,
3123 1961 3358 2026 matre
3390 1954 3608 2025 etiam
3637 1952 3714 2025 vi
3737 1955 3928 2027 dolo-

1128 2074 1230 2144 ris
1264 2072 1641 2156 exstincta,
1692 2081 1735 2114 ‘⁶
1770 2070 2121 2141 mundum
2166 2069 2363 2140 hunc
2393 2069 2690 2144 omnino
2721 2069 3054 2144 deserens
3101 2091 3346 2143 rerum
3395 2089 3472 2140 se
3521 2069 3926 2144 divinarum

1129 2187 1713 2281 contemplationi
1748 2189 1827 2258 in
1860 2185 2248 2257 solitudine
2279 2185 2602 2258 coenobii
2634 2186 2923 2279 penitus
2957 2186 3303 2271 addixit,”
3351 2187 3458 2258 ait
3499 2182 3552 2255 J
3551 2207 3710 2258 oan.
3759 2186 3926 2260 Les·

1126 2309 1323 2378 laeus
1370 2304 1499 2376 lib.
1554 2321 1630 2376 v,
1682 2326 1849 2400 pag.
1903 2318 2182 2374 ccxw.
2249 2310 2323 2373 et
2383 2301 2647 2393 repetit
2695 2299 3068 2376 Amoldus
3118 2301 3365 2375 Uvion
3419 2302 3544 2374 lib.
3599 2319 3725 2374 111.
3775 2325 3922 2396 cap.

1126 2440 1367 2494 xxvl.
1428 2421 1703 2493 Fuerat
1734 2420 1855 2491 hic
1884 2420 2085 2512 prior
2108 2417 2183 2490 S.
2213 2415 2540 2500 Osualdi,
2565 2415 2966 2510 praefectus
2993 2417 3432 2502 Kirkhanni,
3457 2429 3532 2490 et
3555 2419 3922 2512 episeopus

1128 2539 1203 2610 S.
1258 2536 1595 2608 Andreae
1646 2538 1958 2618 electus3
2014 2556 2200 2626 quae
2249 2533 2493 2607 omnia
2543 2555 2716 2626 prae
2770 2535 3266 2608 sanctissimae
3315 2535 3510 2606 vitae
3558 2536 3922 2628 proposito

1125 2675 1465 2750 generose
1490 2652 1941 2744 contempsit.
2022 2649 2348 2746 Injurius
2373 2658 2484 2721 est
2509 2649 3198 2736 Malmesburiensis,
3224 2651 3376 2746 qui,
3407 2651 3582 2722 dum
3607 2661 3920 2724 sanctam

1126 2793 1283 2843 eam
1318 2767 1631 2840 sobolem
1666 2767 2041 2862 sigillatim
2072 2774 2412 2848 recenset,
2445 2763 2640 2836 hunc
2671 2765 2944 2838 omittit
2977 2767 3104 2840 lib.
3133 2783 3222 2839 11.
3257 2768 3347 2842 de
3375 2763 3618 2838 Gestis
3643 2765 3924 2862 Regum

1122 2886 1531 2982 Anglorum
1568 2906 1735 2980 pag.
1771 2901 1917 2955 Ln.

1221 3000 1433 3075 Vixit
1466 3023 1655 3073 anno
1692 3016 2063 3072 mnxxxn

2016 3229 2091 3302 S.
2142 3225 2770 3301 EUCHARIUS.
2872 3231 3042 3307 473.

1018 3473 1025 3478 '
1124 3467 1199 3541 S.
1249 3465 1771 3549 EnanRms,
1834 3462 2027 3558 regis
2072 3459 2354 3533 Scotiae
2402 3459 2846 3537 Crathlinthi
2897 3461 3088 3534 filius
3138 3471 3287 3547 aut,
3335 3472 3426 3536 ut
3475 3465 3598 3537 alii
3647 3468 3922 3550 volunt,

1120 3607 1365 3678 nepos,
1398 3585 1523 3655 sed
1556 3582 1634 3654 id
1666 3581 1925 3652 falsum
1972 3602 2063 3651 ex
2106 3577 2518 3668 Cratepolio
2565 3599 2731 3674 pag.
2779 3595 2890 3650 LI.
2943 3577 3017 3652 S.
3070 3575 3272 3650 Elifii
3321 3578 3568 3666 frater,
3612 3583 3696 3653 in
3735 3583 3921 3678 ejus-

1119 3703 1281 3774 dem
1316 3701 1664 3773 comitatu
1698 3705 1933 3770 aetate
1967 3697 2232 3769 tenella
2261 3694 2502 3785 patria
2545 3715 2898 3789 egressus,
2947 3695 3024 3766 in
3071 3691 3536 3768 Germaniam
3581 3699 3808 3782 venit,
3851 3708 3922 3770 et

1121 3817 1322 3889 Tulli
1356 3838 1520 3887 cum
1554 3815 1779 3886 fratre
1814 3813 2061 3884 eodem
2104 3819 2179 3882 et
2212 3827 2528 3880 xxxnI.
2581 3811 2962 3882 comitibus
3009 3812 3088 3882 in
3135 3833 3488 3884 carcerem
3531 3815 3918 3909 conjectus,

1118 3935 1365 4006 divina
1398 3941 1639 4004 autem
1674 3928 2119 4024 benignitate
2148 3926 2517 4009 liberatus,
2551 3928 2818 3998 multos
2851 3929 2944 4000 ad
2975 3925 3216 4000 Deum
3249 3931 3626 4015 convertit,
3660 3940 3735 4003 et
3751 3931 3920 4027 jure

1114 4049 1633 4143 Lotharingiae
1667 4055 1739 4117 et
1772 4043 2202 4116 Germaniae
2227 4039 2621 4132 Apostolus
2647 4043 2787 4114 dici
2811 4044 3085 4137 possit3
3133 4065 3304 4116 nam
3327 4043 3456 4128 ibi,
3479 4043 3530 4113 J
3531 4046 3778 4119 uliano
3803 4069 3922 4139 pa-

1117 4166 1367 4238 rabata
1391 4163 1717 4258 jubente,
1750 4182 1915 4232 cum
1948 4159 2197 4239 fratre,
2233 4165 2307 4227 et
2342 4165 2496 4228 toto
2519 4177 2814 4230 suorum
2839 4159 3194 4244 sodalitio,
3221 4181 3356 4252 pro
3379 4157 3676 4233 Christo
3699 4164 3922 4234 eervi-

1116 4304 1229 4354 ces
1250 4281 1485 4363 dedit3
1510 4301 1765 4370 corpus
1788 4299 1961 4348 vero
1980 4276 2137 4370 ejus
2149 4272 2524 4345 Coloniam
2548 4277 3002 4360 translatum,
3021 4277 3100 4347 in
3121 4276 3414 4348 ecclesia
3423 4274 3603 4348 Divi
3615 4276 3920 4350 Martini

1120 4396 1426 4491 Majoris
1437 4395 1655 4489 jacet.
1736 4393 2021 4483 Scripta
2044 4389 2268 4484 hujus
2291 4387 2620 4472 historia,
2641 4399 2728 4461 ut
2745 4399 2820 4461 et
2839 4392 3218 4477 sociorum,
3243 4413 3374 4484 per
3397 4391 3474 4464 S.
3501 4391 3920 4466 Brunonem

1118 4511 1731 4603 archiepiscopum
1766 4506 2288 4588 Coloniensem,
2327 4514 2400 4577 et
2434 4500 2508 4575 S.
2546 4503 2946 4577 Robertum
2961 4533 2968 4540 ·
2981 4529 3106 4578 seu
3143 4507 3552 4600 Rupertum
3587 4507 3916 4580 abbatem

980 4611 987 4621 ’
1114 4628 1593 4709 Tuitiensem,
1658 4632 1745 4694 ut
1811 4621 2146 4693 omittam
2204 4619 2488 4692 tabulas
2555 4621 2889 4693 laudatae
2956 4625 3337 4706 ecclesiae3
3411 4634 3485 4697 et
3546 4623 3916 4714 Rupertus

1114 4745 1407 4839 quidem
1456 4741 1683 4814 vitam
1734 4737 2025 4810 Albano
2065 4734 2284 4807 Scoto
2333 4733 2408 4807 S.
2463 4735 2768 4809 Martini
2819 4739 3236 4810 monasterii
3287 4737 3627 4811 Coloniae
3675 4738 3918 4810 Sooto·

1112 4883 1280 4932 rum
1315 4857 1697 4942 dedicavit,
1730 4864 1819 4927 ut
1850 4853 2109 4925 Surius
2134 4851 2470 4944 producit
2502 4860 2678 4925 tom.
2706 4869 2784 4922 V.
2813 4869 2988 4926 ΣΠ.
3017 4853 3272 4926 Octob.
3299 4855 3428 4926 ubi
3453 4853 3662 4926 haec:
3697 4863 3746 4898 ‘⁸
3764 4853 3915 4926 Eu-
