4384 5817
1177 734 2180 848 HISTORIAE
2266 735 3801 850 ECCLESIASTICAE

1756 929 2323 1028 GENTIS
2400 929 3203 1030 SCOTORUM

2005 1175 2377 1263 LIBER
2434 1177 2965 1264 TERTIUS.

1847 1469 1920 1539 S.
1973 1465 2276 1538 CAIUS
2326 1465 2853 1538 SEDULIUS.
2951 1473 3119 1546 229.

1085 1645 1156 1714 S.
1179 1645 1432 1718 CAIUS
1459 1648 1812 1728 sedulius,
1849 1647 2002 1718 sive
2035 1647 2347 1727 Coelius,
2382 1654 2876 1741 cognomento,
2910 1656 2995 1718 ut
3031 1647 3338 1730 videtur,
3376 1646 3727 1733 Romano,
3766 1654 3877 1723 in-

1082 1784 1258 1856 gens
1291 1764 1566 1854 patriae
1599 1785 1772 1833 suae
1805 1771 2325 1833 ornamentum.
2414 1759 2463 1830 J
2466 1783 2626 1834 oan.
2650 1760 2989 1832 Leslaeus
3013 1761 3141 1832 lib.
3179 1780 3291 1833 lv,
3320 1784 3486 1857 pag.
3524 1781 3873 1836 cxxxnr.

1085 1886 1128 1918 “
1153 1876 1291 1949 Dei
1325 1879 1612 1948 amans”
1647 1901 1692 1948 a
1721 1877 1772 1947 J
1773 1901 1837 1948 o.
1865 1875 2239 1969 Groppero
2274 1888 2447 1948 tom.
2479 1895 2531 1947 1.
2558 1877 2647 1948 de
2669 1877 3303 1950 Praestantissimo
3330 1877 3607 1950 Altaris
3630 1880 3876 1952 Sacra-

1081 2005 1324 2064 mento
1374 1995 1452 2062 in
1497 1993 1730 2064 indice
1773 1994 2198 2084 appellatur.
2236 1992 2686 2066 Bibliotheca
2736 1992 3106 2064 Minorum
3160 1993 3463 2065 Patrum
3514 1998 3706 2087 apud
3754 1996 3805 2066 J
3806 2020 3871 2068 ο.

1079 2109 1532 2182 Gualterium
1567 2110 1924 2183 Chronico
1955 2109 2291 2182 Chronic.
2338 2129 2505 2202 pag.
2558 2125 3087 2179 nccchXXV.
3142 2117 3188 2150 “
3220 2109 3509 2181 Coelius
3542 2111 3873 2184 Sedulius

1081 2227 1398 2298 scotus-’³
1448 2227 1499 2297 J
1499 2251 1658 2326 oan.
1688 2226 2040 2298 Trithem.
2068 2225 2192 2296 lib.
2230 2226 2319 2296 de
2338 2223 2823 2316 scriptoribus
2856 2222 3375 2294 Ecclesiasticis
3407 2245 3427 2294 ε
3472 2234 3517 2266 “
3540 2225 3875 2300 Sedulius

1077 2344 1475 2436 presbyter,
1491 2345 1782 2415 natione
1795 2341 2075 2424 Scotus,
2102 2339 2509 2412 Hildeberti
2535 2338 2909 2410 Scotorum
2936 2339 3448 2431 archiepiscopi
3474 2341 3565 2412 ab
3584 2343 3875 2415 ineunte

1075 2467 1308 2528 aetate
1341 2458 1757 2550 discipulus,
1794 2458 1909 2528 vir
1941 2457 2018 2526 in
2053 2455 2321 2526 divinis
2354 2455 2582 2526 literis
2618 2455 3071 2536 exercitatae,
3116 2463 3191 2524 et
3232 2457 3665 2530 secularibus
3716 2459 3873 2530 lite-

1075 2574 1508 2656 ratissimus,
1551 2573 1864 2644 carmine
1897 2572 2245 2644 excellens
2292 2579 2365 2640 et
2406 2591 2641 2662 prosa,
2688 2591 2929 2640 amore
2964 2569 3279 2640 discendi
3306 2569 3625 2643 Scotiam
3662 2575 3872 2646 relin-

1072 2711 1298 2780 quens
1335 2691 1532 2761 venit
1565 2689 1645 2758 in
1677 2687 2095 2769 Franciam3
2131 2687 2389 2756 deinde
2423 2686 2711 2756 Italiam
2744 2685 3233 2776 perlustravit,
3268 2696 3343 2757 et
3374 2685 3668 2773 Asiam3
3710 2713 3869 2782 pos-

1075 2817 1304 2876 tremo
1337 2802 1654 2876 Achaiae
1685 2802 1950 2874 finibus
1981 2803 2350 2885 excedens,
2398 2802 2477 2872 in
2518 2800 2695 2873 urbe
2728 2800 2967 2872 Roma
3000 2801 3315 2872 mirabili
3358 2803 3683 2875 doctrina
3735 2808 3871 2877 cla-

1075 2943 1200 2992 rus
1233 2919 1520 2992 effulsit.
1626 2918 1770 2988 Hic
1801 2919 2116 3002 tandem,
2159 2926 2246 2988 ut
2292 2916 2709 3012 Sigebertus
2755 2915 3027 2999 scribit,
3076 2917 3449 3009 episcopus
3496 2920 3871 2992 ordinatus

1071 3035 1236 3118 fuit,
1271 3036 1396 3105 sed
1429 3035 1817 3116 ecclesiam,
1854 3034 1968 3104 vel
2001 3033 2253 3104 urbem
2286 3031 2435 3115 ubi,
2470 3053 2617 3103 non
2648 3032 3057 3124 exprimit-’⁹
3154 3031 3469 3104 Auctius
3504 3041 3867 3128 exemplar

1073 3150 1426 3245 Sigeberti
1459 3150 1738 3221 viderat
1775 3148 2223 3220 Trithemius
2259 3154 2504 3219 nostro
2532 3167 2553 3231 ;
2606 3170 2775 3218 nam
2810 3148 2889 3217 in
2924 3149 3221 3242 vulgata
3254 3149 3588 3234 editione,
3624 3153 3711 3222 de
3748 3154 3867 3224 Se-

1071 3268 1267 3338 dulio
1301 3289 1392 3337 ne
1425 3267 1723 3338 verbum
1755 3266 2008 3350 ullum,
2057 3265 2198 3336 nisi
2245 3263 2431 3334 forte
2479 3265 2559 3334 in
2606 3263 2910 3334 historia
2957 3264 3113 3357 ejus
3164 3266 3597 3350 meminerit,
3648 3291 3863 3360 quam

1071 3383 1230 3453 MS.
1267 3391 1511 3453 extare
1543 3383 1832 3464 scimuS,
1866 3391 1994 3452 aut
2027 3381 2107 3452 in
2137 3379 2339 3453 Viris
2374 3377 2811 3464 musa-ibus,
2846 3389 2921 3451 et
2953 3377 3139 3450 forte
3172 3381 3445 3474 legerat
3478 3383 3617 3452 ille.

1169 3497 1486 3568 Tantum
1524 3498 1718 3568 illius
1754 3501 1865 3568 vel
1898 3499 2177 3588 pietati,
2230 3499 2344 3568 vel
2393 3495 2758 3588 probitati,
2807 3502 2882 3566 et
2930 3495 3295 3566 doctrinae
3345 3498 3725 3581 tributum,
3778 3513 3863 3572 ut

1071 3615 1362 3684 ecclesia
1393 3615 1698 3705 hymnos
1732 3613 1942 3684 ab-eo
1973 3613 2404 3705 compositos
2436 3609 2939 3680 celebrioribus
2972 3611 3144 3680 anni
3178 3609 3381 3682 festis
3426 3623 3657 3696 canat,
3718 3617 3864 3687 imo

1070 3741 1142 3800 et
1175 3732 1250 3798 in
1284 3729 1622 3823 Augusto
1655 3728 1915 3799 missae
1948 3726 2316 3809 sacrificio,

1595 3839 1764 3900 Salve
1790 3851 1988 3900 sancta
2013 3859 2241 3920 parens,
2267 3837 2440 3898 enixa
2464 3855 2751 3918 puerpera
2776 3855 2988 3915 regem.

1171 3956 1370 4026 Inter
1404 3966 1677 4026 veteres
1710 3957 2036 4026 nonnulli
2071 3954 2319 4049 magni
2352 3954 2511 4049 ejus
2543 3954 2941 4024 doctrinam
2974 3953 3225 4039 fecere,
3276 3979 3583 4049 eumque
3616 3961 3861 4031 lauda-

1071 4092 1260 4141 vere.
1345 4069 1595 4141 Aurel.
1619 4070 2018 4140 Cassiodor.
2051 4068 2172 4140 lib.
2196 4069 2285 4139 de
2304 4067 2554 4138 Divin.
2582 4067 2979 4141 Lectionib.
3006 4093 3159 4161 cap.
3184 4089 3456 4143 xxvn.
3495 4083 3539 4116 ‘⁶
3562 4072 3707 4146 Ubi
3736 4077 3856 4147 Se-

1071 4188 1250 4258 dulii
1288 4188 1390 4257 illi
1430 4209 1680 4258 versus
1719 4186 1997 4258 dicendi
2043 4194 2214 4258 sunt
2242 4187 2307 4270 ;'’
2360 4183 2593 4256 adfert
2634 4186 2887 4256 deinde
2932 4189 3190 4270 locum,
3238 4189 3361 4258 sed
3406 4193 3856 4280 corruptissi-

1071 4325 1268 4372 mmn
1299 4324 1320 4386 ;
1377 4313 1458 4372 tu
1490 4305 1668 4396 lege,

1595 4427 1856 4488 Grandia
1879 4449 2048 4508 posco
2071 4429 2328 4509 quidem,
2356 4429 2459 4490 sed
2484 4441 2555 4490 tu
2580 4430 2717 4490 dare
2742 4431 2987 4510 grandia
3010 4433 3181 4492 nosti.

1593 4524 1786 4596 Quem
1814 4524 1997 4603 magis
2022 4523 2284 4593 offendit,
2310 4524 2575 4605 quisquis
2601 4526 2881 4606 sperando
2908 4527 3171 4607 tepescit.

1171 4657 1490 4727 Isidorus
1527 4657 1977 4748 Hispalensis
2011 4656 2311 4728 advocat
2346 4657 2469 4726 lib.
2510 4677 2651 4729 xx.
2690 4683 2840 4750 cap.
2882 4677 2991 4730 lv·
3028 4659 3255 4732 Asser
3288 4661 3655 4734 Menensis
3692 4665 3853 4736 libr.

1067 4774 1153 4842 de
1187 4771 1360 4842 Vita
1389 4771 1708 4842 Aelfredi
1747 4771 1968 4865 Regis
1997 4772 2072 4841 in
2100 4773 2385 4842 limine:
2440 4783 2482 4814 ‘⁶
2506 4773 2757 4846 Getam
2787 4777 3217 4870 Jamdudum
3256 4779 3518 4872 pagani
3544 4799 3675 4869 pro
3701 4779 3859 4850 Deo
3932 4821 3939 4828 ·
