4384 5817
1239 613 1594 686 omns
1641 611 2195 692 sco'roRUM,
2244 609 2429 678 Lm.
2474 609 2529 677 1.
2866 559 2871 564 ⁸
3198 607 3284 678 49

490 791 822 884 hominis¹
851 804 1246 880 christiani
1297 825 1548 876 versus
1599 801 1685 874 de
1735 801 2104 873 Salvatore
2154 799 2455 871 humani
2498 795 2781 894 generis
2838 804 2913 867 et
2958 794 3274 888 Deipara

489 923 794 1020 Virgine
863 943 908 993 a
971 919 1356 1012 bibliopola
1419 918 1660 1011 aliquo
1723 914 2010 987 indocto
2083 915 2277 985 inter
2351 912 2906 1007 Epigrammata
2980 908 3269 982 Claudi-

492 1039 614 1110 ani
646 1037 1067 1108 collocatost
1115 1035 1308 1126 quod
1342 1032 1738 1104 Prudentia
1777 1037 1854 1100 et
1899 1029 2060 1100 aliis
2105 1029 2461 1121 plerisque
2504 1025 2832 1122 contigit.
2931 1023 3276 1096 Adducor

487 1159 732 1224 autem
787 1149 1180 1242 impensius
1237 1153 1322 1220 ut
1377 1147 1456 1219 id
1511 1147 1937 1227 existimem,
1994 1141 2190 1234 quod
2248 1141 2765 1235 epigrammata
2810 1139 2985 1211 haec
3030 1139 3177 1208 duo
3226 1159 3273 1208 a

489 1264 648 1337 MS.
677 1287 844 1336 meo
874 1263 1189 1355 optimae
1219 1271 1430 1334 notae
1462 1260 1858 1332 Claudiano
1889 1257 2178 1339 abaint3
2230 1264 2317 1326 ut
2350 1255 2681 1326 omittam
2710 1275 2859 1325 non
2902 1275 3055 1325 esse
3088 1253 3273 1322 veri·

487 1379 722 1477 simile
751 1399 1116 1474 paganum
1147 1376 1510 1448 hominem
1543 1383 1829 1446 nostrae
1859 1373 2114 1444 salutis
2147 1369 2495 1464 mysteria
2524 1378 2676 1441 tam
2709 1369 3033 1462 apposite
3064 1374 3271 1460 potu-

485 1495 626 1568 isse
659 1495 1096 1592 cognovisse.
1196 1490 1468 1564 Versus
1502 1500 1744 1563 autem
1777 1495 1992 1560 sunt:

1093 1633 1324 1695 Christe
1348 1645 1573 1715 potens,
1598 1653 1794 1695 rerum
1817 1630 2117 1694 redeuntis
2143 1631 2403 1692 eonditor
2428 1631 2576 1701 aevi,

1093 1727 1226 1792 Vox
1251 1729 1462 1790 nummi
1485 1729 1804 1809 tenentque
1827 1725 1968 1795 Dei,
1991 1745 2168 1806 quem
2194 1723 2353 1786 fudit
2377 1725 2451 1787 ab
2478 1725 2597 1786 alta

1093 1823 1304 1886 Mente
1327 1833 1512 1904 patet.
1901 1805 2090 1879 Vide
2119 1807 2417 1899 reliqua.

585 1955 900 2029 Vivebat
924 1955 1050 2026 hic
1079 1975 1270 2026 anno
1303 1971 1579 2026 neem.
1613 1962 1744 2026 aut
1773 1961 2062 2047 praeter
2094 1964 2410 2047 propter.

579 2069 887 2165 Scripsit
922 2079 1166 2144 antem
1197 2069 1318 2142 hic

787 2183 1158 2278 Epietolae
1193 2185 1384 2278 stylo
1415 2182 1674 2256 florido
2366 2185 2493 2258 lib.
2532 2203 2585 2258 1.

788 2299 1132 2372 Carmina
1164 2321 1366 2370 sacra
2372 2303 2497 2373 lib.
2536 2319 2588 2372 1.

515 2484 520 2490 .
554 2479 560 2488 .
587 2415 828 2490 Lubet
859 2423 1103 2486 autem
1138 2413 1256 2485 hic
1286 2433 1449 2484 cum
1483 2411 1560 2482 N
1558 2413 1783 2484 icolao
1816 2409 2121 2500 Serario,
2161 2415 2323 2487 viro
2345 2417 2467 2509 pio
2493 2425 2567 2488 et
2590 2415 2892 2499 erudito,
2918 2415 3275 2488 societatis

485 2529 538 2604 J
537 2552 668 2604 esu
698 2529 1138 2624 presbytero,
1171 2529 1647 2620 expostulare,
1685 2529 1812 2621 qui
1846 2527 2139 2602 Scotum
2171 2531 2692 2623 interpretatur
2725 2527 3152 2616 Hibernum,
3206 2539 3279 2606 et

489 2669 574 2718 eo
605 2646 764 2728 loci,
799 2653 873 2716 et
905 2645 984 2715 in
1015 2645 1207 2716 notin
1241 2645 1334 2716 ad
1369 2642 1442 2714 S.
1482 2641 1779 2736 Kyliani
1811 2641 2061 2716 Vitam
2098 2669 2187 2718 ex
2222 2645 2422 2718 Beda
2464 2647 2589 2718 lib.
2638 2663 2761 2716 111.
2806 2644 3030 2741 Angl.
3083 2645 3277 2718 Hist.

485 2781 644 2853 cap.
681 2777 804 2831 111.
839 2781 1010 2832 nam
1042 2760 1178 2832 etsi
1213 2779 1464 2830 verum
1497 2759 1596 2830 sit
1630 2757 1903 2830 Bedam
1938 2761 2325 2852 aliquando
2359 2763 2475 2833 vel
2506 2761 2663 2856 ejus
2696 2761 2855 2832 aevi
2898 2761 3277 2852 scriptores

485 2895 621 2968 pro
646 2873 992 2946 Hibernia
1017 2871 1263 2946 Scotos
1287 2875 1678 2957 nominare,
1707 2872 1903 2965 quod
1927 2875 2641 2969 communis-utrique
2662 2875 2863 2972 genti
2896 2877 3279 2969 appellatio

491 2997 706 3074 esset.
735 2997 979 3062 tamen
1004 2997 1079 3060 et
1103 2989 1295 3082 apud
1320 2988 1624 3061 eundem
1651 2985 1947 3074 Bedam,
1978 2999 2051 3061 et
2073 2991 2392 3062 melioris
2416 3000 2627 3064 notae
2657 3001 3003 3074 auctoreS,
3036 2992 3285 3085 populi

489 3106 598 3178 illi
631 3105 1206 3200 distinguuntur,
1239 3127 1470 3198 neque
1501 3105 1734 3176 ullum
1767 3114 1876 3176 est
1909 3103 2274 3197 probabile
2306 3115 2836 3212 argu-mentum,
2862 3127 2995 3178 cur
3026 3105 3280 3178 Scotus

486 3221 608 3292 ine
659 3219 954 3315 ignotus
1011 3219 1264 3292 debeat
1323 3219 1694 3292 Hibernas
1751 3221 2044 3292 censeri.
2151 3219 2259 3293 Ut
2314 3221 2561 3292 sileam
2611 3221 3020 3294 societatem
3084 3223 3283 3293 illam

487 3335 700 3428 plura
731 3333 964 3408 Sentis
995 3355 1211 3428 quam
1249 3333 1592 3406 Hibernis
1624 3333 1900 3418 debere,
1935 3357 2082 3407 non
2112 3358 2288 3432 ergo
2320 3343 2610 3430 gentem
2656 3337 2890 3408 solum
2934 3346 3279 3418 nostram,

490 3460 564 3524 et
595 3451 1056 3543 antiquitatis
1086 3449 1430 3522 nostratia
1461 3449 1902 3532 memoriam,
1935 3451 2061 3520 sed
2093 3459 2166 3522 et
2200 3449 2614 3544 symmistae
2648 3469 2816 3523 auos
2848 3471 2994 3522 non
3026 3451 3283 3521 leviter

491 3567 746 3640 doctus
778 3567 904 3636 ille
935 3573 1144 3658 pater
1174 3564 1420 3638 violat.
1522 3563 1710 3636 Vide
1741 3562 2222 3657 Apparatum.

925 3775 932 3780 ’
1073 3743 1735 3867 ALEXANDER
1781 3793 2494 3867 ANDERSONUS.
2598 3800 2718 3868 so.
2876 3849 2881 3856 .

493 4028 1046 4101 ALEXANDEB
1079 4023 1573 4108 AndersonuS,
1607 4026 1680 4098 S.
1717 4023 2160 4126 Theologiae
2189 4025 2486 4109 Doctor,
2530 4047 2721 4099 unus
2766 4049 2857 4099 ex
2898 4028 2987 4099 iis
3026 4029 3153 4120 qui
3198 4051 3289 4100 ex

498 4145 684 4216 clero
733 4139 1232 4214 Aberdonensi
1281 4139 1513 4224 electi,
1563 4137 2098 4236 Edimburgum
2147 4139 2447 4233 profecti
2498 4140 2664 4214 fidei
2714 4163 2887 4216 auae
2934 4145 3287 4216 rationem

497 4257 983 4340 reddiderunt,
1006 4276 1223 4347 quem
1248 4255 1570 4328 comitati
1597 4264 1770 4328 sunt
1798 4252 1852 4325 J
1851 4278 2118 4328 oannes
2151 4255 2515 4342 LeslaeuS,
2544 4265 2701 4329 tum
2728 4257 3065 4342 officialia,
3090 4269 3285 4352 post·

497 4395 582 4444 ea
629 4377 920 4442 senator
967 4370 1196 4465 regni,
1246 4378 1321 4442 et
1365 4369 1738 4463 episcopus
1783 4369 2183 4454 Rossensiffi
2220 4369 2580 4443 Patricius
2626 4371 3037 4465 MyrtonuS,
3082 4373 3133 4443 J
3134 4397 3289 4446 aco-

495 4486 630 4556 bua
679 4483 1142 4556 Sti-aelianus.
1247 4483 1393 4557 Hic
1440 4495 1514 4556 et
1561 4484 1916 4579 intrepide
1961 4493 2038 4558 et
2079 4485 2345 4555 diserte
2376 4483 2771 4558 haereticos
2805 4487 3283 4583 impugnavit,

503 4610 576 4672 et
606 4607 858 4693 postea
885 4599 980 4680 in⁴
997 4599 1270 4692 scripta
1299 4599 1580 4695 redegit

791 4710 1214 4786 Tractatum
1250 4715 1340 4787 de
1371 4711 1714 4786 Sacrificii
1745 4711 2024 4788 Altaria
2060 4716 2387 4790 Veritate
2416 4725 2495 4790 et
2528 4715 2826 4790 Ritibus
2872 4717 2995 4790 lib.
3036 4739 3089 4790 1.

527 4903 538 4912 ,
589 4827 964 4904 Scribebat
995 4847 1184 4902 anno
1221 4845 1490 4902 itnnx.
1593 4827 1714 4902 Jo.
1749 4827 2088 4905 Leslaeus
2122 4833 2247 4906 lib.
2282 4849 2367 4906 x.
2400 4853 2567 4929 pag.
2603 4849 2959 4905 nnxxiv.

1865 4961 1928 5015 Η
