4384 5817
1092 513 1181 578 60
1862 509 2332 582 HISTORIA
2371 505 3124 580 Ecmamca

1098 710 1293 787 cunt,
1330 701 1455 774 sed
1485 701 1667 774 illud
1696 703 2029 786 maxime,
2060 701 2258 796 quod
2285 699 2600 775 recentia
2627 699 2982 792 quaedam
3011 696 3330 780 nomina.
3371 705 3538 790 post
3578 705 3888 772 mortem

1099 818 1389 888 demum
1418 813 1775 890 Antonini
1806 824 2115 910 recepta,
2145 817 2228 888 in
2257 837 2344 888 eo
2374 815 2732 920 legantur.
2831 811 3260 888 Morus
3291 811 3692 896 Mamilius,
3723 835 3890 906 pro-

1099 929 1329 1002 fessor
1355 952 1588 1022 nuper
1622 929 1975 1014 Lutetiae,
2008 950 2157 1002 non
2195 930 2416 1002 unius
2445 951 2654 1023 opus,
2683 927 2810 1002 sed
2841 927 3242 1002 miscellum
3287 927 3620 1020 putavit3
3671 927 3894 999 docti·

1102 1065 1261 1116 ores
1308 1045 1630 1137 plerique
1671 1063 1823 1118 non
1866 1042 2230 1116 Antonini
2275 1043 2594 1136 quidem,
2639 1043 2768 1118 sed
2821 1041 3122 1116 alterius
3179 1041 3524 1134 anonymi
3579 1042 3774 1113 docti
3823 1050 3898 1112 et

1101 1159 1385 1251 antiqui
1416 1159 1809 1253 scriptoris.
1906 1155 2077 1253 Ego
2106 1157 2316 1230 illum
2357 1177 2508 1230 non
2547 1154 3000 1253 conjecturis,
3044 1156 3173 1231 sed
3211 1159 3412 1228 certa
3439 1153 3600 1228 MS.
3633 1156 3892 1230 codicis

1100 1271 1239 1344 fide
1270 1273 1705 1364 deprehendi
1736 1272 2031 1346 Scotum
2062 1291 2239 1344 esse.
2339 1271 2588 1344 Codex
2621 1273 2764 1346 iste
2791 1280 2906 1362 est
2935 1271 3132 1364 apud
3163 1287 3296 1344 ct..
3329 1285 3416 1345 v,
3451 1269 3549 1343 D.
3583 1269 3895 1344 Pavillo-

1101 1408 1304 1471 num,
1352 1387 1783 1460 advocatum
1832 1386 2334 1470 Parisiensem,
2383 1386 2463 1458 in
2509 1387 2926 1460 membrana
2973 1387 3200 1480 proba
3255 1407 3502 1470 manu,
3533 1385 3890 1481 exquisito

1104 1501 1530 1586 charactere,
1562 1502 1871 1600 oblonga
1912 1500 2169 1580 forma.
2215 1501 2536 1574 miniatis
2579 1500 3080 1596 ptsscherrimis
3123 1510 3198 1576 et
3233 1501 3502 1574 vividis
3543 1500 3894 1576 coloribus

1106 1616 1533 1708 capitalibus
1564 1617 1979 1688 elementisz
2026 1614 2133 1686 ibi
2164 1615 2472 1688 habetur
2501 1617 2772 1698 eadem,
2815 1638 2963 1709 qua
3003 1617 3305 1710 reliqua,
3349 1637 3594 1700 mann,
3645 1623 3694 1658 ‘⁸
3725 1613 3895 1688 Cos·

1104 1731 1531 1824 mographia
1576 1731 1771 1804 Scoti
1821 1731 1949 1804 lib.
2000 1731 2097 1802 1.'’
2192 1729 2316 1804 Ea
2359 1739 2472 1804 est
2519 1729 2806 1804 Notitia
2849 1732 3228 1824 utriusque
3272 1729 3594 1823 Imperii,
3637 1740 3727 1805 nt
3769 1751 3900 1802 sno

1106 1846 1263 1916 loco
1308 1844 1565 1918 fusius.
1666 1845 1863 1918 Tum
1910 1846 1991 1917 in
2039 1846 2204 1929 fine,
2252 1845 2502 1918 eadem
2547 1867 2794 1930 mann,
2849 1846 3226 1920 detineatis
3275 1845 3590 1938 perbene
3643 1845 3892 1932 literis,

1108 1967 1155 2002 ‘⁶
1186 1957 1531 2054 Sequitur
1561 1959 2025 2034 Itinerarium
2060 1959 2258 2035 Scoti
2285 1960 2412 2034 lib.
2449 1961 2544 2032 1.”
2587 1961 2796 2055 quasi
2827 1969 3220 2054 utrumque
3261 1979 3448 2052 opus
3491 1969 3676 2034 esset
3717 1980 3894 2052 epm

1107 2075 1419 2147 auctoris
1446 2076 1827 2170 ,ejusdem3
1878 2077 2075 2170 quod
2116 2077 2198 2148 in
2239 2078 2516 2169 patriae
2557 2099 2760 2148 meae
2800 2076 3017 2150 decus
3063 2076 3180 2148 vir
3211 2076 3334 2148 illo
3364 2075 3896 2150 literatissimus

1103 2189 1287 2261 mihi
1318 2190 1655 2274 ostendit,
1688 2199 1763 2262 et
1794 2212 1929 2286 ego
1964 2193 2211 2263 volens
2243 2191 2614 2285 libensque
2645 2191 2953 2282 posteris
2987 2191 3198 2262 dono.

1206 2303 1573 2376 Floruisse
1602 2304 1893 2378 videtur
1922 2319 2119 2382 anno
2144 2308 2276 2378 sal.
2304 2323 2648 2382 ccccxn.
2681 2327 2832 2400 qna
2851 2305 3514 2400 tempestatemulti
3537 2313 3890 2378 nostrates

1107 2417 1515 2502 exulabant,
1546 2429 1634 2490 ut
1664 2441 1907 2514 regem
1940 2441 2155 2490 suum
2188 2421 2416 2493 secuti
2457 2421 2540 2492 in
2583 2419 2874 2493 Italiam
2915 2421 3229 2503 fuerant,
3277 2419 3522 2514 ibique
3565 2441 3736 2514 rege
3783 2419 3900 2491 do-

1106 2553 1313 2619 mum
1354 2555 1702 2630 regresso,
1744 2535 1987 2606 sedem
2030 2534 2492 2609 fortunarum
2533 2557 2828 2610 sanarum
2876 2535 3204 2622 fixerant,
3251 2544 3339 2608 nt
3379 2534 3518 2608 boc
3556 2554 3774 2625 opere
3813 2555 3900 2605 ex

1108 2649 1646 2718 nomenclatura
1668 2648 2115 2722 eruditorum
2139 2651 2362 2725 lector
2383 2650 2734 2743 probabili
2761 2651 3174 2745 conjectura
3197 2649 3652 2724 mentietu-
3720 2645 3898 2730 Quis

1110 2760 1233 2832 ille
1254 2759 1497 2846 fuerit,
1524 2771 1673 2834 tam
1706 2762 1920 2834 anxie
1950 2785 2294 2856 quaerere
2328 2785 2622 2850 vanum,
2647 2786 2868 2860 quam
2893 2765 3076 2838 scire
3097 2763 3382 2850 inutile,
3405 2772 3482 2836 et
3503 2783 3642 2858 ego
3661 2781 3898 2856 pergo.

2073 2991 2686 3069 ARTVILLUS.
2789 3000 2956 3070 108.

1112 3222 1627 3312 Ana-vanus,
1662 3227 2109 3302 nobilissimo
2139 3231 2296 3304 loco
2338 3231 2534 3324 apud
2579 3250 2752 3304 suos
2795 3239 3034 3316 natus,
3079 3228 3316 3324 reguli
3347 3227 3721 3323 enjusdam
3753 3226 3902 3298 sive

1114 3339 1321 3412 thani
1369 3339 1583 3427 filius,
1638 3365 1783 3414 non
1834 3344 1993 3414 leve
2046 3347 2328 3437 patriae
2383 3353 2906 3428 ornamentum,
2967 3343 3261 3416 Guiliel.
3319 3339 3897 3414 Malmesbnrien.

1114 3455 1353 3546 patria
1386 3455 1731 3527 excedens
1761 3454 2109 3552 Angliam
2122 3459 2374 3550 petiit,
2408 3479 2556 3532 non
2588 3459 2742 3532 sine
2773 3459 3176 3551 suspicione
3208 3457 3454 3550 aliqua
3481 3455 3899 3554 perduellii5

1116 3571 1441 3642 conscius
1492 3572 1683 3642 enim
1736 3571 2131 3663 putabatur
2188 3573 2422 3646 caedis
2481 3571 2888 3666 Spontanae
2939 3573 3254 3668 reginae,
3310 3593 3529 3664 quam
3587 3567 3902 3640 Atholici

1114 3685 1378 3758 fratres
1410 3709 1543 3778 pro
1574 3685 1911 3782 Eugenio
1942 3685 2118 3760 V11.
2150 3709 2321 3783 rege
2351 3689 2509 3782 ipso
2551 3687 2928 3782 gravidam
2973 3685 3473 3771 confecerunt3
3525 3704 3778 3757 verum
3821 3681 3908 3754 de

1118 3823 1227 3883 eo,
1260 3808 1346 3871 ut
1376 3810 1488 3872 est
1518 3801 1599 3872 in
1630 3799 1706 3871 S.
1743 3799 1824 3872 C.
1859 3822 2007 3873 non
2041 3803 2292 3894 liquet.
2391 3801 2583 3897 Ejus
2615 3810 2810 3887 sunt,
2846 3823 3032 3894 quae
3065 3809 3364 3873 extant·

1419 3913 1532 3986 De
1564 3913 1811 3988 Rebus
1842 3914 2378 3988 Mathematicis
2997 3916 3125 3989 lib.
3163 3933 3220 3988 1.

1412 4029 1539 4102 Ad
1568 4029 1987 4102 Adhelnutn
2018 4027 2462 4123 Episcopum
3007 4033 3132 4105 lib.
3167 4049 3225 4104 1.

1220 4143 1532 4216 Vivebat
1580 4167 1771 4216 anno
1819 4163 2066 4216 nccx.
2115 4154 2466 4240 regnante
2511 4147 2706 4219 domi
2739 4145 3074 4243 Eugenio
3105 4145 3280 4220 VIL
3313 4133 3602 4220 sedente
3639 4143 3912 4216 Romae

1124 4259 1476 4356 Gregorio
1510 4258 1612 4330 ΙΙ.
1714 4259 2080 4332 Leslaeus.

1796 4453 2456 4528 ALEXANDER
2505 4455 2960 4532 ALEsms
3068 4465 3235 4540 109.
3337 4434 3346 4442 ’

1121 4606 1669 4679 ALEXANDER
1718 4602 2033 4686 Alesius,
2090 4607 2330 4698 patria
2375 4607 2651 4699 pulsus,
2701 4617 2882 4700 puto
2929 4609 3022 4682 ob
3069 4607 3444 4693 haeresim,
3493 4609 3766 4680 darum
3811 4605 3912 4676 si-

1123 4725 1199 4797 bi
1273 4723 1367 4796 ab
1447 4723 1847 4798 eruditione
1926 4745 2191 4798 nomen
2271 4725 2352 4796 in
2433 4722 2823 4800 Germania
2899 4723 3305 4817 acquisivit,
3387 4723 3752 4796 meliorem
3831 4719 3908 4790 fi-
