<?xml version="1.0" encoding="UTF-8"?>
<!DOCTYPE html PUBLIC "-//W3C//DTD XHTML 1.0 Transitional//EN"
    "http://www.w3.org/TR/xhtml1/DTD/xhtml1-transitional.dtd">
<html xmlns="http://www.w3.org/1999/xhtml" xml:lang="en" lang="en">
 <head>
  <title>
</title>
<meta http-equiv="Content-Type" content="text/html;charset=utf-8" />
  <meta name='ocr-system' content='tesseract 3.04.00' />
  <meta name='ocr-capabilities' content='ocr_page ocr_carea ocr_par ocr_line ocrx_word'/>
</head>
<body>
  <div class='ocr_page' id='page_1' title='image "./thomaedempsteri00unkngoog_0269.png"; bbox 0 0 4384 5817; ppageno 0'>
   <div class='ocr_carea' id='block_1_1' title="bbox 1065 562 3105 634">
    <p class='ocr_par' dir='ltr' id='par_1_1' title="bbox 1065 562 3105 634">
     <span class='ocr_line' id='line_1_1' title="bbox 1065 562 3105 634; baseline 0.003 -6"><span class='ocrx_word' id='word_1_1' title='bbox 1065 566 1196 630; x_wconf 76' lang='lat'><strong>202</strong></span> <span class='ocrx_word' id='word_1_2' title='bbox 1835 562 2304 632; x_wconf 84' lang='lat' dir='ltr'><strong>HISTORIA</strong></span> <span class='ocrx_word' id='word_1_3' title='bbox 2350 563 3105 634; x_wconf 82' lang='lat' dir='ltr'><strong>ECCLESIASTICA</strong></span> 
     </span>
    </p>
   </div>
   <div class='ocr_carea' id='block_1_2' title="bbox 1074 753 3889 2931">
    <p class='ocr_par' dir='ltr' id='par_1_2' title="bbox 1074 753 3889 2240">
     <span class='ocr_line' id='line_1_2' title="bbox 1075 753 3881 848; baseline 0.006 -23"><span class='ocrx_word' id='word_1_4' title='bbox 1075 757 1426 830; x_wconf 86' lang='lat' dir='ltr'><strong>divinitus</strong></span> <span class='ocrx_word' id='word_1_5' title='bbox 1487 777 1838 840; x_wconf 79' lang='lat' dir='ltr'><strong>accensae,</strong></span> <span class='ocrx_word' id='word_1_6' title='bbox 1895 776 2038 826; x_wconf 83' lang='lat' dir='ltr'><strong>vox</strong></span> <span class='ocrx_word' id='word_1_7' title='bbox 2085 777 2372 848; x_wconf 86' lang='lat' dir='ltr'><strong>quoque</strong></span> <span class='ocrx_word' id='word_1_8' title='bbox 2426 756 2724 828; x_wconf 91' lang='lat' dir='ltr'><strong>coelitus</strong></span> <span class='ocrx_word' id='word_1_9' title='bbox 2769 757 3039 839; x_wconf 87' lang='lat' dir='ltr'><strong>audita,</strong></span> <span class='ocrx_word' id='word_1_10' title='bbox 3092 765 3139 799; x_wconf 77' lang='lat'><strong>‘⁶</strong></span> <span class='ocrx_word' id='word_1_11' title='bbox 3185 753 3555 832; x_wconf 78' lang='lat' dir='ltr'><strong>Donatum</strong></span> <span class='ocrx_word' id='word_1_12' title='bbox 3600 769 3881 840; x_wconf 88' lang='lat' dir='ltr'><strong>antisti·</strong></span> 
     </span>
     <span class='ocr_line' id='line_1_3' title="bbox 1074 869 3881 969; baseline 0.001 -26"><span class='ocrx_word' id='word_1_13' title='bbox 1074 882 1222 943; x_wconf 90' lang='lat' dir='ltr'><strong>tem</strong></span> <span class='ocrx_word' id='word_1_14' title='bbox 1271 871 1858 968; x_wconf 89' lang='lat' dir='ltr'><strong>designandum.&#39;&#39;</strong></span> <span class='ocrx_word' id='word_1_15' title='bbox 1947 869 2294 963; x_wconf 89' lang='lat' dir='ltr'><strong>Populus,</strong></span> <span class='ocrx_word' id='word_1_16' title='bbox 2344 871 2673 943; x_wconf 85' lang='lat' dir='ltr'><strong>divinum</strong></span> <span class='ocrx_word' id='word_1_17' title='bbox 2724 871 3153 966; x_wconf 76' lang='lat' dir='ltr'><strong>suffragium</strong></span> <span class='ocrx_word' id='word_1_18' title='bbox 3210 895 3475 969; x_wconf 87' lang='lat' dir='ltr'><strong>magno</strong></span> <span class='ocrx_word' id='word_1_19' title='bbox 3532 901 3881 956; x_wconf 74' lang='lat' dir='ltr'>concursu</span> 
     </span>
     <span class='ocr_line' id='line_1_4' title="bbox 1077 985 3882 1084; baseline 0.004 -24"><span class='ocrx_word' id='word_1_20' title='bbox 1077 989 1449 1080; x_wconf 79' lang='lat' dir='ltr'><strong>arripiens,</strong></span> <span class='ocrx_word' id='word_1_21' title='bbox 1493 1008 1658 1059; x_wconf 89' lang='lat' dir='ltr'><strong>eum</strong></span> <span class='ocrx_word' id='word_1_22' title='bbox 1701 985 2086 1080; x_wconf 88' lang='lat' dir='ltr'><strong>pontificiis</strong></span> <span class='ocrx_word' id='word_1_23' title='bbox 2134 989 2383 1059; x_wconf 87' lang='lat' dir='ltr'><strong>statim</strong></span> <span class='ocrx_word' id='word_1_24' title='bbox 2430 987 2871 1060; x_wconf 75' lang='lat' dir='ltr'><strong>ornamentis</strong></span> <span class='ocrx_word' id='word_1_25' title='bbox 2917 988 3229 1073; x_wconf 86' lang='lat' dir='ltr'><strong>ornavit,</strong></span> <span class='ocrx_word' id='word_1_26' title='bbox 3277 990 3355 1062; x_wconf 87' lang='lat' dir='ltr'><strong>in</strong></span> <span class='ocrx_word' id='word_1_27' title='bbox 3400 1014 3546 1084; x_wconf 90' lang='lat' dir='ltr'><strong>quo</strong></span> <span class='ocrx_word' id='word_1_28' title='bbox 3589 1018 3882 1072; x_wconf 87' lang='lat' dir='ltr'><strong>munere</strong></span> 
     </span>
     <span class='ocr_line' id='line_1_5' title="bbox 1074 1103 3885 1198; baseline 0.004 -25"><span class='ocrx_word' id='word_1_29' title='bbox 1074 1105 1324 1174; x_wconf 85' lang='lat' dir='ltr'><strong>multis</strong></span> <span class='ocrx_word' id='word_1_30' title='bbox 1355 1104 1665 1198; x_wconf 76' lang='lat' dir='ltr'><strong>gloriose</strong></span> <span class='ocrx_word' id='word_1_31' title='bbox 1707 1111 2090 1194; x_wconf 78' lang='lat' dir='ltr'><strong>sancteque</strong></span> <span class='ocrx_word' id='word_1_32' title='bbox 2135 1103 2314 1174; x_wconf 90' lang='lat' dir='ltr'><strong>actis</strong></span> <span class='ocrx_word' id='word_1_33' title='bbox 2357 1124 2759 1195; x_wconf 87' lang='lat' dir='ltr'><strong>pauperum</strong></span> <span class='ocrx_word' id='word_1_34' title='bbox 2800 1111 3029 1194; x_wconf 90' lang='lat' dir='ltr'><strong>pater,</strong></span> <span class='ocrx_word' id='word_1_35' title='bbox 3068 1103 3425 1178; x_wconf 75' lang='lat' dir='ltr'><strong>libertatis</strong></span> <span class='ocrx_word' id='word_1_36' title='bbox 3466 1112 3885 1185; x_wconf 86' lang='lat' dir='ltr'><strong>ecclesiasti-</strong></span> 
     </span>
     <span class='ocr_line' id='line_1_6' title="bbox 1078 1215 3886 1312; baseline 0.003 -21"><span class='ocrx_word' id='word_1_37' title='bbox 1078 1242 1198 1291; x_wconf 91' lang='lat' dir='ltr'><strong>cae</strong></span> <span class='ocrx_word' id='word_1_38' title='bbox 1231 1220 1618 1290; x_wconf 88' lang='lat' dir='ltr'><strong>acerrimus</strong></span> <span class='ocrx_word' id='word_1_39' title='bbox 1652 1226 2145 1312; x_wconf 84' lang='lat' dir='ltr'><strong>propugnator</strong></span> <span class='ocrx_word' id='word_1_40' title='bbox 2177 1219 2445 1290; x_wconf 85' lang='lat' dir='ltr'><strong>extitit.</strong></span> <span class='ocrx_word' id='word_1_41' title='bbox 2490 1215 2764 1289; x_wconf 88' lang='lat' dir='ltr'><strong>Silvan.</strong></span> <span class='ocrx_word' id='word_1_42' title='bbox 2801 1217 3075 1290; x_wconf 80' lang='lat' dir='ltr'><strong>Razius</strong></span> <span class='ocrx_word' id='word_1_43' title='bbox 3118 1219 3199 1290; x_wconf 89' lang='lat' dir='ltr'><strong>in</strong></span> <span class='ocrx_word' id='word_1_44' title='bbox 3230 1219 3409 1292; x_wconf 90' lang='lat' dir='ltr'><strong>Vita</strong></span> <span class='ocrx_word' id='word_1_45' title='bbox 3448 1223 3576 1296; x_wconf 88' lang='lat' dir='ltr'><strong>SS.</strong></span> <span class='ocrx_word' id='word_1_46' title='bbox 3616 1225 3886 1300; x_wconf 88' lang='lat' dir='ltr'><strong>Hetru-</strong></span> 
     </span>
     <span class='ocr_line' id='line_1_7' title="bbox 1077 1330 3881 1430; baseline 0.004 -26"><span class='ocrx_word' id='word_1_47' title='bbox 1077 1336 1226 1406; x_wconf 89' lang='lat' dir='ltr'><strong>riae</strong></span> <span class='ocrx_word' id='word_1_48' title='bbox 1259 1357 1424 1430; x_wconf 89' lang='lat' dir='ltr'><strong>pag.</strong></span> <span class='ocrx_word' id='word_1_49' title='bbox 1463 1351 1779 1404; x_wconf 67' lang='lat' dir='ltr'><strong>cnxvu.</strong></span> <span class='ocrx_word' id='word_1_50' title='bbox 1824 1332 2082 1404; x_wconf 89' lang='lat' dir='ltr'><strong>Franc.</strong></span> <span class='ocrx_word' id='word_1_51' title='bbox 2132 1333 2511 1406; x_wconf 80' lang='lat' dir='ltr'><strong>Cattanius</strong></span> <span class='ocrx_word' id='word_1_52' title='bbox 2557 1330 2898 1404; x_wconf 85' lang='lat' dir='ltr'><strong>Diacetus</strong></span> <span class='ocrx_word' id='word_1_53' title='bbox 2944 1333 3023 1404; x_wconf 90' lang='lat' dir='ltr'><strong>in</strong></span> <span class='ocrx_word' id='word_1_54' title='bbox 3064 1332 3447 1429; x_wconf 85' lang='lat' dir='ltr'><strong>Episcopis</strong></span> <span class='ocrx_word' id='word_1_55' title='bbox 3482 1338 3881 1415; x_wconf 87' lang='lat' dir='ltr'><strong>Fesulanis.</strong></span> 
     </span>
     <span class='ocr_line' id='line_1_8' title="bbox 1081 1448 3882 1551; baseline 0.003 -31"><span class='ocrx_word' id='word_1_56' title='bbox 1081 1451 1226 1521; x_wconf 91' lang='lat' dir='ltr'><strong>Hic</strong></span> <span class='ocrx_word' id='word_1_57' title='bbox 1259 1451 1595 1520; x_wconf 88' lang='lat' dir='ltr'><strong>divorum</strong></span> <span class='ocrx_word' id='word_1_58' title='bbox 1629 1471 1930 1520; x_wconf 90' lang='lat' dir='ltr'><strong>numero</strong></span> <span class='ocrx_word' id='word_1_59' title='bbox 1977 1450 2335 1540; x_wconf 88' lang='lat' dir='ltr'><strong>ascriptus</strong></span> <span class='ocrx_word' id='word_1_60' title='bbox 2377 1449 2493 1519; x_wconf 89' lang='lat' dir='ltr'><strong>die</strong></span> <span class='ocrx_word' id='word_1_61' title='bbox 2538 1466 2753 1518; x_wconf 83' lang='lat' dir='ltr'><strong>xxn.</strong></span> <span class='ocrx_word' id='word_1_62' title='bbox 2802 1448 3096 1522; x_wconf 85' lang='lat' dir='ltr'><strong>Octobr.</strong></span> <span class='ocrx_word' id='word_1_63' title='bbox 3142 1448 3623 1551; x_wconf 85' lang='lat' dir='ltr'><strong>Martyrolog.</strong></span> <span class='ocrx_word' id='word_1_64' title='bbox 3674 1455 3882 1530; x_wconf 88' lang='lat' dir='ltr'><strong>Rom.</strong></span> 
     </span>
     <span class='ocr_line' id='line_1_9' title="bbox 1083 1561 3885 1664; baseline 0 -26"><span class='ocrx_word' id='word_1_65' title='bbox 1083 1567 1220 1638; x_wconf 89' lang='lat' dir='ltr'><strong>Cui</strong></span> <span class='ocrx_word' id='word_1_66' title='bbox 1273 1564 1978 1661; x_wconf 86' lang='lat' dir='ltr'><strong>magnificentissima</strong></span> <span class='ocrx_word' id='word_1_67' title='bbox 2021 1565 2315 1636; x_wconf 88' lang='lat' dir='ltr'><strong>ecclesia</strong></span> <span class='ocrx_word' id='word_1_68' title='bbox 2358 1572 2591 1636; x_wconf 88' lang='lat' dir='ltr'><strong>erecta</strong></span> <span class='ocrx_word' id='word_1_69' title='bbox 2634 1561 2959 1656; x_wconf 88' lang='lat' dir='ltr'><strong>Scopeto,</strong></span> <span class='ocrx_word' id='word_1_70' title='bbox 3008 1575 3095 1636; x_wconf 92' lang='lat' dir='ltr'><strong>ut</strong></span> <span class='ocrx_word' id='word_1_71' title='bbox 3127 1577 3409 1652; x_wconf 84' lang='lat' dir='ltr'><strong>vocant,</strong></span> <span class='ocrx_word' id='word_1_72' title='bbox 3454 1591 3677 1664; x_wconf 84' lang='lat' dir='ltr'><strong>prope</strong></span> <span class='ocrx_word' id='word_1_73' title='bbox 3722 1571 3885 1644; x_wconf 87' lang='lat' dir='ltr'><strong>Flo.</strong></span> 
     </span>
     <span class='ocr_line' id='line_1_10' title="bbox 1083 1681 3888 1774; baseline 0.002 -20"><span class='ocrx_word' id='word_1_74' title='bbox 1083 1683 1415 1764; x_wconf 90' lang='lat' dir='ltr'><strong>rentiam,</strong></span> <span class='ocrx_word' id='word_1_75' title='bbox 1474 1703 1656 1774; x_wconf 90' lang='lat' dir='ltr'><strong>quae</strong></span> <span class='ocrx_word' id='word_1_76' title='bbox 1713 1692 1963 1774; x_wconf 90' lang='lat' dir='ltr'><strong>postea</strong></span> <span class='ocrx_word' id='word_1_77' title='bbox 2019 1681 2099 1750; x_wconf 90' lang='lat' dir='ltr'><strong>in</strong></span> <span class='ocrx_word' id='word_1_78' title='bbox 2145 1681 2546 1771; x_wconf 88' lang='lat' dir='ltr'><strong>prioratum</strong></span> <span class='ocrx_word' id='word_1_79' title='bbox 2600 1691 2836 1751; x_wconf 89' lang='lat' dir='ltr'><strong>erecta</strong></span> <span class='ocrx_word' id='word_1_80' title='bbox 2882 1688 2994 1751; x_wconf 87' lang='lat' dir='ltr'><strong>est</strong></span> <span class='ocrx_word' id='word_1_81' title='bbox 3041 1703 3233 1753; x_wconf 90' lang='lat' dir='ltr'><strong>anno</strong></span> <span class='ocrx_word' id='word_1_82' title='bbox 3286 1701 3745 1758; x_wconf 79' lang='lat' dir='ltr'><strong>Mccccvln.</strong></span> <span class='ocrx_word' id='word_1_83' title='bbox 3802 1699 3888 1761; x_wconf 88' lang='lat' dir='ltr'><strong>ut</strong></span> 
     </span>
     <span class='ocr_line' id='line_1_11' title="bbox 1090 1793 3889 1897; baseline 0.001 -25"><span class='ocrx_word' id='word_1_84' title='bbox 1090 1798 1342 1872; x_wconf 82' lang='lat' dir='ltr'><strong>scribit</strong></span> <span class='ocrx_word' id='word_1_85' title='bbox 1392 1797 1442 1868; x_wconf 91' lang='lat' dir='ltr'><strong>J</strong></span> <span class='ocrx_word' id='word_1_86' title='bbox 1443 1819 1708 1868; x_wconf 87' lang='lat' dir='ltr'><strong>oannes</strong></span> <span class='ocrx_word' id='word_1_87' title='bbox 1759 1797 2098 1888; x_wconf 84' lang='lat' dir='ltr'><strong>Baptista</strong></span> <span class='ocrx_word' id='word_1_88' title='bbox 2146 1794 2443 1890; x_wconf 90' lang='lat' dir='ltr'><strong>Signius</strong></span> <span class='ocrx_word' id='word_1_89' title='bbox 2494 1793 2995 1878; x_wconf 86' lang='lat' dir='ltr'><strong>Bononiensis,</strong></span> <span class='ocrx_word' id='word_1_90' title='bbox 3046 1818 3130 1868; x_wconf 92' lang='lat' dir='ltr'><strong>eo</strong></span> <span class='ocrx_word' id='word_1_91' title='bbox 3182 1798 3451 1871; x_wconf 89' lang='lat' dir='ltr'><strong>scilicet</strong></span> <span class='ocrx_word' id='word_1_92' title='bbox 3498 1823 3691 1873; x_wconf 84' lang='lat' dir='ltr'><strong>anno</strong></span> <span class='ocrx_word' id='word_1_93' title='bbox 3746 1826 3889 1897; x_wconf 85' lang='lat' dir='ltr'><strong>quo</strong></span> 
     </span>
     <span class='ocr_line' id='line_1_12' title="bbox 1084 1909 3887 2008; baseline 0 -20"><span class='ocrx_word' id='word_1_94' title='bbox 1084 1915 1628 2006; x_wconf 88' lang='lat' dir='ltr'><strong>Scopetinorum</strong></span> <span class='ocrx_word' id='word_1_95' title='bbox 1680 1914 1856 1984; x_wconf 90' lang='lat' dir='ltr'><strong>ordo</strong></span> <span class='ocrx_word' id='word_1_96' title='bbox 1898 1934 2028 2004; x_wconf 91' lang='lat' dir='ltr'><strong>per</strong></span> <span class='ocrx_word' id='word_1_97' title='bbox 2074 1909 2519 2003; x_wconf 87' lang='lat' dir='ltr'><strong>Stephanum</strong></span> <span class='ocrx_word' id='word_1_98' title='bbox 2566 1909 2952 1983; x_wconf 89' lang='lat' dir='ltr'><strong>Senensem</strong></span> <span class='ocrx_word' id='word_1_99' title='bbox 3002 1911 3633 2008; x_wconf 87' lang='lat' dir='ltr'><strong>Augustinianum</strong></span> <span class='ocrx_word' id='word_1_100' title='bbox 3682 1919 3887 1990; x_wconf 89' lang='lat' dir='ltr'><strong>insti-</strong></span> 
     </span>
     <span class='ocr_line' id='line_1_13' title="bbox 1084 2025 3883 2124; baseline 0.001 -21"><span class='ocrx_word' id='word_1_101' title='bbox 1084 2033 1341 2113; x_wconf 88' lang='lat' dir='ltr'><strong>tuitur,</strong></span> <span class='ocrx_word' id='word_1_102' title='bbox 1401 2038 1475 2100; x_wconf 87' lang='lat' dir='ltr'><strong>et</strong></span> <span class='ocrx_word' id='word_1_103' title='bbox 1533 2053 1576 2100; x_wconf 90' lang='lat' dir='ltr'><strong>a</strong></span> <span class='ocrx_word' id='word_1_104' title='bbox 1634 2027 1986 2124; x_wconf 87' lang='lat' dir='ltr'><strong>Gregorio</strong></span> <span class='ocrx_word' id='word_1_105' title='bbox 2046 2025 2225 2098; x_wconf 91' lang='lat' dir='ltr'><strong>XII.</strong></span> <span class='ocrx_word' id='word_1_106' title='bbox 2296 2025 2781 2098; x_wconf 87' lang='lat' dir='ltr'><strong>confirmatur.</strong></span> <span class='ocrx_word' id='word_1_107' title='bbox 2850 2025 3160 2101; x_wconf 90' lang='lat' dir='ltr'><strong>Aubert.</strong></span> <span class='ocrx_word' id='word_1_108' title='bbox 3232 2028 3557 2103; x_wconf 88' lang='lat' dir='ltr'><strong>Miraeus</strong></span> <span class='ocrx_word' id='word_1_109' title='bbox 3616 2033 3883 2106; x_wconf 88' lang='lat' dir='ltr'><strong>Chron.</strong></span> 
     </span>
     <span class='ocr_line' id='line_1_14' title="bbox 1087 2143 1754 2240; baseline -0.004 -22"><span class='ocrx_word' id='word_1_110' title='bbox 1087 2147 1386 2240; x_wconf 79' lang='lat' dir='ltr'><strong>Scripsit</strong></span> <span class='ocrx_word' id='word_1_111' title='bbox 1421 2143 1754 2216; x_wconf 88' lang='lat' dir='ltr'><strong>Donatus</strong></span> 
     </span>
    </p>

    <p class='ocr_par' dir='ltr' id='par_1_3' title="bbox 1382 2257 3103 2355">
     <span class='ocr_line' id='line_1_15' title="bbox 1382 2257 3103 2355; baseline -0.003 -23"><span class='ocrx_word' id='word_1_112' title='bbox 1382 2260 1494 2332; x_wconf 93' lang='lat' dir='ltr'><strong>De</strong></span> <span class='ocrx_word' id='word_1_113' title='bbox 1529 2259 2116 2355; x_wconf 87' lang='lat' dir='ltr'><strong>Peregrinatione</strong></span> <span class='ocrx_word' id='word_1_114' title='bbox 2147 2281 2283 2330; x_wconf 88' lang='lat' dir='ltr'><strong>sua</strong></span> <span class='ocrx_word' id='word_1_115' title='bbox 2885 2257 3011 2328; x_wconf 86' lang='lat' dir='ltr'><strong>lib.</strong></span> <span class='ocrx_word' id='word_1_116' title='bbox 3050 2277 3103 2328; x_wconf 90' lang='lat'><strong>1.</strong></span> 
     </span>
    </p>

    <p class='ocr_par' dir='ltr' id='par_1_4' title="bbox 1379 2373 3099 2449">
     <span class='ocr_line' id='line_1_16' title="bbox 1379 2373 3099 2449; baseline -0.003 0"><span class='ocrx_word' id='word_1_117' title='bbox 1379 2378 1492 2449; x_wconf 91' lang='lat' dir='ltr'><strong>De</strong></span> <span class='ocrx_word' id='word_1_118' title='bbox 1525 2377 1778 2449; x_wconf 89' lang='lat' dir='ltr'><strong>Officio</strong></span> <span class='ocrx_word' id='word_1_119' title='bbox 1812 2400 1984 2448; x_wconf 90' lang='lat' dir='ltr'><strong>suae</strong></span> <span class='ocrx_word' id='word_1_120' title='bbox 2019 2375 2381 2448; x_wconf 86' lang='lat' dir='ltr'><strong>Ecclesiae</strong></span> <span class='ocrx_word' id='word_1_121' title='bbox 2880 2373 3007 2444; x_wconf 91' lang='lat' dir='ltr'><strong>lib.</strong></span> <span class='ocrx_word' id='word_1_122' title='bbox 3047 2391 3099 2444; x_wconf 92' lang='lat'><strong>1.</strong></span> 
     </span>
    </p>

    <p class='ocr_par' dir='ltr' id='par_1_5' title="bbox 1387 2489 3098 2585">
     <span class='ocr_line' id='line_1_17' title="bbox 1387 2489 3098 2585; baseline -0.004 -19"><span class='ocrx_word' id='word_1_123' title='bbox 1387 2495 1478 2565; x_wconf 91' lang='lat' dir='ltr'><strong>In</strong></span> <span class='ocrx_word' id='word_1_124' title='bbox 1511 2517 1746 2566; x_wconf 87' lang='lat' dir='ltr'><strong>sacras</strong></span> <span class='ocrx_word' id='word_1_125' title='bbox 1781 2493 2190 2585; x_wconf 82' lang='lat' dir='ltr'><strong>Scripturas</strong></span> <span class='ocrx_word' id='word_1_126' title='bbox 2881 2489 3007 2560; x_wconf 90' lang='lat' dir='ltr'><strong>lib.</strong></span> <span class='ocrx_word' id='word_1_127' title='bbox 3046 2509 3098 2560; x_wconf 92' lang='lat'><strong>1.</strong></span> 
     </span>
    </p>

    <p class='ocr_par' dir='ltr' id='par_1_6' title="bbox 1191 2606 3882 2706">
     <span class='ocr_line' id='line_1_18' title="bbox 1191 2606 3882 2706; baseline -0.001 -21"><span class='ocrx_word' id='word_1_128' title='bbox 1191 2613 1680 2706; x_wconf 87' lang='lat' dir='ltr'><strong>Inauguratus</strong></span> <span class='ocrx_word' id='word_1_129' title='bbox 1725 2619 1834 2680; x_wconf 88' lang='lat' dir='ltr'><strong>est</strong></span> <span class='ocrx_word' id='word_1_130' title='bbox 1883 2609 2170 2700; x_wconf 89' lang='lat' dir='ltr'><strong>praesul</strong></span> <span class='ocrx_word' id='word_1_131' title='bbox 2217 2627 2407 2676; x_wconf 91' lang='lat' dir='ltr'><strong>anno</strong></span> <span class='ocrx_word' id='word_1_132' title='bbox 2452 2621 2756 2676; x_wconf 82' lang='lat' dir='ltr'><strong>Dcecn.</strong></span> <span class='ocrx_word' id='word_1_133' title='bbox 2808 2606 3098 2698; x_wconf 87' lang='lat' dir='ltr'><strong>quando</strong></span> <span class='ocrx_word' id='word_1_134' title='bbox 3144 2608 3403 2682; x_wconf 88' lang='lat' dir='ltr'><strong>obierit</strong></span> <span class='ocrx_word' id='word_1_135' title='bbox 3448 2631 3595 2683; x_wconf 90' lang='lat' dir='ltr'><strong>non</strong></span> <span class='ocrx_word' id='word_1_136' title='bbox 3632 2613 3882 2703; x_wconf 90' lang='lat' dir='ltr'><strong>reperi.</strong></span> 
     </span>
    </p>

    <p class='ocr_par' dir='ltr' id='par_1_7' title="bbox 1089 2719 3886 2931">
     <span class='ocr_line' id='line_1_19' title="bbox 1089 2719 3886 2817; baseline -0.001 -16"><span class='ocrx_word' id='word_1_137' title='bbox 1089 2731 1426 2802; x_wconf 88' lang='lat' dir='ltr'><strong>Studium</strong></span> <span class='ocrx_word' id='word_1_138' title='bbox 1463 2726 1911 2798; x_wconf 85' lang='lat' dir='ltr'><strong>commendat</strong></span> <span class='ocrx_word' id='word_1_139' title='bbox 1945 2723 2287 2794; x_wconf 89' lang='lat' dir='ltr'><strong>Diacetus</strong></span> <span class='ocrx_word' id='word_1_140' title='bbox 2320 2743 2487 2817; x_wconf 86' lang='lat' dir='ltr'><strong>pag.</strong></span> <span class='ocrx_word' id='word_1_141' title='bbox 2525 2737 2715 2791; x_wconf 78' lang='lat' dir='ltr'><strong>ch.</strong></span> <span class='ocrx_word' id='word_1_142' title='bbox 2772 2719 3069 2812; x_wconf 84' lang='lat' dir='ltr'><strong>Semper</strong></span> <span class='ocrx_word' id='word_1_143' title='bbox 3102 2732 3343 2796; x_wconf 88' lang='lat' dir='ltr'><strong>autem</strong></span> <span class='ocrx_word' id='word_1_144' title='bbox 3378 2735 3507 2798; x_wconf 88' lang='lat' dir='ltr'><strong>aut</strong></span> <span class='ocrx_word' id='word_1_145' title='bbox 3539 2726 3886 2798; x_wconf 87' lang='lat' dir='ltr'><strong>scribebat</strong></span> 
     </span>
     <span class='ocr_line' id='line_1_20' title="bbox 1092 2838 2397 2931; baseline -0.009 -12"><span class='ocrx_word' id='word_1_146' title='bbox 1092 2857 1220 2919; x_wconf 87' lang='lat' dir='ltr'><strong>aut</strong></span> <span class='ocrx_word' id='word_1_147' title='bbox 1253 2843 1626 2917; x_wconf 88' lang='lat' dir='ltr'><strong>scribenda</strong></span> <span class='ocrx_word' id='word_1_148' title='bbox 1657 2841 2026 2931; x_wconf 80' lang='lat' dir='ltr'><strong>discipulis</strong></span> <span class='ocrx_word' id='word_1_149' title='bbox 2057 2838 2397 2909; x_wconf 87' lang='lat' dir='ltr'><strong>dictabat.</strong></span> 
     </span>
    </p>
   </div>
   <div class='ocr_carea' id='block_1_3' title="bbox 2018 3067 2946 3148">
    <p class='ocr_par' dir='ltr' id='par_1_8' title="bbox 2018 3067 2946 3148">
     <span class='ocr_line' id='line_1_21' title="bbox 2018 3067 2946 3148; baseline -0.002 -6"><span class='ocrx_word' id='word_1_150' title='bbox 2018 3071 2092 3142; x_wconf 91' lang='lat' dir='ltr'><strong>S.</strong></span> <span class='ocrx_word' id='word_1_151' title='bbox 2145 3069 2675 3144; x_wconf 87' lang='lat' dir='ltr'><strong>DOMITIUS.</strong></span> <span class='ocrx_word' id='word_1_152' title='bbox 2780 3067 2946 3148; x_wconf 78' lang='lat'><strong>367.</strong></span> 
     </span>
    </p>
   </div>
   <div class='ocr_carea' id='block_1_4' title="bbox 1093 3303 3895 4908">
    <p class='ocr_par' dir='ltr' id='par_1_9' title="bbox 1093 3303 3895 4908">
     <span class='ocr_line' id='line_1_22' title="bbox 1093 3303 3887 3408; baseline -0.001 -24"><span class='ocrx_word' id='word_1_153' title='bbox 1093 3313 1220 3386; x_wconf 74' lang='lat' dir='ltr'><strong>DE</strong></span> <span class='ocrx_word' id='word_1_154' title='bbox 1268 3311 1341 3381; x_wconf 90' lang='lat' dir='ltr'><strong>S.</strong></span> <span class='ocrx_word' id='word_1_155' title='bbox 1386 3308 1711 3381; x_wconf 90' lang='lat' dir='ltr'><strong>Domitio</strong></span> <span class='ocrx_word' id='word_1_156' title='bbox 1761 3305 2112 3377; x_wconf 88' lang='lat' dir='ltr'><strong>sufficient</strong></span> <span class='ocrx_word' id='word_1_157' title='bbox 2160 3303 2383 3375; x_wconf 81' lang='lat' dir='ltr'><strong>verba</strong></span> <span class='ocrx_word' id='word_1_158' title='bbox 2432 3303 2533 3374; x_wconf 91' lang='lat' dir='ltr'><strong>H.</strong></span> <span class='ocrx_word' id='word_1_159' title='bbox 2583 3303 2876 3376; x_wconf 88' lang='lat' dir='ltr'><strong>Boethii</strong></span> <span class='ocrx_word' id='word_1_160' title='bbox 2924 3304 3049 3376; x_wconf 90' lang='lat' dir='ltr'><strong>lib.</strong></span> <span class='ocrx_word' id='word_1_161' title='bbox 3090 3325 3206 3378; x_wconf 80' lang='lat' dir='ltr'><strong>lx.</strong></span> <span class='ocrx_word' id='word_1_162' title='bbox 3261 3307 3460 3381; x_wconf 90' lang='lat' dir='ltr'><strong>Hist.</strong></span> <span class='ocrx_word' id='word_1_163' title='bbox 3496 3307 3689 3382; x_wconf 89' lang='lat' dir='ltr'><strong>Scot.</strong></span> <span class='ocrx_word' id='word_1_164' title='bbox 3724 3333 3887 3408; x_wconf 86' lang='lat' dir='ltr'><strong>pag.</strong></span> 
     </span>
     <span class='ocr_line' id='line_1_23' title="bbox 1095 3418 3893 3514; baseline -0.001 -14"><span class='ocrx_word' id='word_1_165' title='bbox 1095 3443 1378 3500; x_wconf 80' lang='lat' dir='ltr'><strong>eval.</strong></span> <span class='ocrx_word' id='word_1_166' title='bbox 1437 3435 1481 3466; x_wconf 81' lang='lat'><strong>‘⁸</strong></span> <span class='ocrx_word' id='word_1_167' title='bbox 1513 3423 1794 3495; x_wconf 90' lang='lat' dir='ltr'><strong>Venere</strong></span> <span class='ocrx_word' id='word_1_168' title='bbox 1839 3443 2002 3492; x_wconf 89' lang='lat' dir='ltr'><strong>cum</strong></span> <span class='ocrx_word' id='word_1_169' title='bbox 2049 3443 2132 3491; x_wconf 91' lang='lat' dir='ltr'><strong>eo</strong></span> <span class='ocrx_word' id='word_1_170' title='bbox 2185 3418 2289 3510; x_wconf 91' lang='lat' dir='ltr'><strong>(S.</strong></span> <span class='ocrx_word' id='word_1_171' title='bbox 2337 3418 2717 3514; x_wconf 90' lang='lat' dir='ltr'><strong>Columba)</strong></span> <span class='ocrx_word' id='word_1_172' title='bbox 2776 3422 2855 3490; x_wconf 91' lang='lat' dir='ltr'><strong>in</strong></span> <span class='ocrx_word' id='word_1_173' title='bbox 2903 3418 3287 3494; x_wconf 91' lang='lat' dir='ltr'><strong>Albionem</strong></span> <span class='ocrx_word' id='word_1_174' title='bbox 3336 3425 3477 3496; x_wconf 82' lang='lat' dir='ltr'><strong>viri</strong></span> <span class='ocrx_word' id='word_1_175' title='bbox 3519 3426 3893 3499; x_wconf 87' lang='lat' dir='ltr'><strong>duodecim</strong></span> 
     </span>
     <span class='ocr_line' id='line_1_24' title="bbox 1095 3535 3891 3636; baseline -0.001 -20"><span class='ocrx_word' id='word_1_176' title='bbox 1095 3543 1370 3616; x_wconf 90' lang='lat' dir='ltr'><strong>Christi</strong></span> <span class='ocrx_word' id='word_1_177' title='bbox 1391 3543 1724 3636; x_wconf 90' lang='lat' dir='ltr'><strong>dogmate</strong></span> <span class='ocrx_word' id='word_1_178' title='bbox 1749 3537 2130 3632; x_wconf 89' lang='lat' dir='ltr'><strong>insigniter</strong></span> <span class='ocrx_word' id='word_1_179' title='bbox 2149 3535 2436 3618; x_wconf 89' lang='lat' dir='ltr'><strong>imbuti,</strong></span> <span class='ocrx_word' id='word_1_180' title='bbox 2457 3535 2581 3606; x_wconf 90' lang='lat' dir='ltr'><strong>sed</strong></span> <span class='ocrx_word' id='word_1_181' title='bbox 2604 3538 2833 3631; x_wconf 74' lang='lat' dir='ltr'><strong>inagis</strong></span> <span class='ocrx_word' id='word_1_182' title='bbox 2858 3540 3071 3633; x_wconf 88' lang='lat' dir='ltr'><strong>longe</strong></span> <span class='ocrx_word' id='word_1_183' title='bbox 3092 3540 3559 3612; x_wconf 86' lang='lat' dir='ltr'><strong>sanctissimis</strong></span> <span class='ocrx_word' id='word_1_184' title='bbox 3580 3542 3891 3614; x_wconf 88' lang='lat' dir='ltr'><strong>decorati</strong></span> 
     </span>
     <span class='ocr_line' id='line_1_25' title="bbox 1093 3650 3891 3744; baseline -0 -13"><span class='ocrx_word' id='word_1_185' title='bbox 1093 3660 1461 3742; x_wconf 86' lang='lat' dir='ltr'><strong>moribus;</strong></span> <span class='ocrx_word' id='word_1_186' title='bbox 1515 3655 1889 3726; x_wconf 82' lang='lat' dir='ltr'><strong>Bathen&#39;us</strong></span> <span class='ocrx_word' id='word_1_187' title='bbox 1939 3661 2012 3722; x_wconf 89' lang='lat' dir='ltr'><strong>et</strong></span> <span class='ocrx_word' id='word_1_188' title='bbox 2062 3650 2431 3734; x_wconf 88' lang='lat' dir='ltr'><strong>Cominus,</strong></span> <span class='ocrx_word' id='word_1_189' title='bbox 2490 3653 2615 3742; x_wconf 90' lang='lat' dir='ltr'><strong>qui</strong></span> <span class='ocrx_word' id='word_1_190' title='bbox 2665 3663 2830 3744; x_wconf 91' lang='lat' dir='ltr'><strong>post</strong></span> <span class='ocrx_word' id='word_1_191' title='bbox 2880 3653 3271 3726; x_wconf 89' lang='lat' dir='ltr'><strong>Columbae</strong></span> <span class='ocrx_word' id='word_1_192' title='bbox 3318 3657 3594 3728; x_wconf 81' lang='lat' dir='ltr'><strong>exitum</strong></span> <span class='ocrx_word' id='word_1_193' title='bbox 3652 3680 3891 3730; x_wconf 88' lang='lat' dir='ltr'><strong>mona-</strong></span> 
     </span>
     <span class='ocr_line' id='line_1_26' title="bbox 1095 3765 3895 3860; baseline -0.001 -12"><span class='ocrx_word' id='word_1_194' title='bbox 1095 3779 1392 3848; x_wconf 90' lang='lat' dir='ltr'><strong>chorum</strong></span> <span class='ocrx_word' id='word_1_195' title='bbox 1427 3771 1756 3844; x_wconf 89' lang='lat' dir='ltr'><strong>claustris</strong></span> <span class='ocrx_word' id='word_1_196' title='bbox 1790 3768 2128 3860; x_wconf 86' lang='lat' dir='ltr'><strong>praefecti</strong></span> <span class='ocrx_word' id='word_1_197' title='bbox 2175 3768 2366 3837; x_wconf 90' lang='lat' dir='ltr'><strong>inter</strong></span> <span class='ocrx_word' id='word_1_198' title='bbox 2410 3765 2681 3850; x_wconf 89' lang='lat' dir='ltr'><strong>Scotos,</strong></span> <span class='ocrx_word' id='word_1_199' title='bbox 2732 3769 2928 3840; x_wconf 88' lang='lat' dir='ltr'><strong>haud</strong></span> <span class='ocrx_word' id='word_1_200' title='bbox 2973 3771 3323 3841; x_wconf 88' lang='lat' dir='ltr'><strong>mediocre</strong></span> <span class='ocrx_word' id='word_1_201' title='bbox 3368 3771 3643 3843; x_wconf 89' lang='lat' dir='ltr'><strong>Christi</strong></span> <span class='ocrx_word' id='word_1_202' title='bbox 3689 3777 3895 3846; x_wconf 89' lang='lat' dir='ltr'><strong>eccle-</strong></span> 
     </span>
     <span class='ocr_line' id='line_1_27' title="bbox 1096 3881 3895 3981; baseline -0.001 -18"><span class='ocrx_word' id='word_1_203' title='bbox 1096 3895 1242 3965; x_wconf 90' lang='lat' dir='ltr'><strong>siae</strong></span> <span class='ocrx_word' id='word_1_204' title='bbox 1310 3892 1524 3960; x_wconf 88' lang='lat' dir='ltr'><strong>decus</strong></span> <span class='ocrx_word' id='word_1_205' title='bbox 1591 3887 1944 3968; x_wconf 87' lang='lat' dir='ltr'><strong>attulere;</strong></span> <span class='ocrx_word' id='word_1_206' title='bbox 2024 3883 2414 3964; x_wconf 85' lang='lat' dir='ltr'><strong>Cibthacus</strong></span> <span class='ocrx_word' id='word_1_207' title='bbox 2468 3893 2543 3954; x_wconf 88' lang='lat' dir='ltr'><strong>et</strong></span> <span class='ocrx_word' id='word_1_208' title='bbox 2597 3881 3085 3967; x_wconf 75' lang='lat' dir='ltr'><strong>EthernanuS,</strong></span> <span class='ocrx_word' id='word_1_209' title='bbox 3148 3884 3537 3960; x_wconf 87' lang='lat' dir='ltr'><strong>Columbae</strong></span> <span class='ocrx_word' id='word_1_210' title='bbox 3604 3899 3895 3981; x_wconf 89' lang='lat' dir='ltr'><strong>nepotes</strong></span> 
     </span>
     <span class='ocr_line' id='line_1_28' title="bbox 1096 3998 3893 4091; baseline -0.001 -11"><span class='ocrx_word' id='word_1_211' title='bbox 1096 4033 1188 4081; x_wconf 86' lang='lat' dir='ltr'><strong>ex</strong></span> <span class='ocrx_word' id='word_1_212' title='bbox 1234 4007 1482 4088; x_wconf 87' lang='lat' dir='ltr'><strong>fratre,</strong></span> <span class='ocrx_word' id='word_1_213' title='bbox 1534 4003 1807 4074; x_wconf 90' lang='lat' dir='ltr'><strong>Christi</strong></span> <span class='ocrx_word' id='word_1_214' title='bbox 1859 4001 2186 4071; x_wconf 89' lang='lat' dir='ltr'><strong>sacerdos</strong></span> <span class='ocrx_word' id='word_1_215' title='bbox 2236 4009 2584 4091; x_wconf 90' lang='lat' dir='ltr'><strong>uterque;</strong></span> <span class='ocrx_word' id='word_1_216' title='bbox 2646 3998 3037 4084; x_wconf 87' lang='lat' dir='ltr'><strong>Domitius,</strong></span> <span class='ocrx_word' id='word_1_217' title='bbox 3090 4001 3412 4073; x_wconf 87' lang='lat' dir='ltr'><strong>Ruthius</strong></span> <span class='ocrx_word' id='word_1_218' title='bbox 3464 4013 3537 4076; x_wconf 85' lang='lat' dir='ltr'><strong>et</strong></span> <span class='ocrx_word' id='word_1_219' title='bbox 3587 4003 3893 4088; x_wconf 89' lang='lat' dir='ltr'><strong>Fethuo‚</strong></span> 
     </span>
     <span class='ocr_line' id='line_1_29' title="bbox 1095 4115 3894 4214; baseline -0.001 -18"><span class='ocrx_word' id='word_1_220' title='bbox 1095 4123 1292 4196; x_wconf 87' lang='lat' dir='ltr'><strong>haud</strong></span> <span class='ocrx_word' id='word_1_221' title='bbox 1341 4143 1596 4213; x_wconf 86' lang='lat' dir='ltr'><strong>parum</strong></span> <span class='ocrx_word' id='word_1_222' title='bbox 1644 4118 1994 4188; x_wconf 88' lang='lat' dir='ltr'><strong>natalium</strong></span> <span class='ocrx_word' id='word_1_223' title='bbox 2041 4115 2535 4205; x_wconf 86' lang='lat' dir='ltr'><strong>amplitudine,</strong></span> <span class='ocrx_word' id='word_1_224' title='bbox 2588 4115 2711 4186; x_wconf 87' lang='lat' dir='ltr'><strong>sed</strong></span> <span class='ocrx_word' id='word_1_225' title='bbox 2756 4117 2989 4210; x_wconf 86' lang='lat' dir='ltr'><strong>magis</strong></span> <span class='ocrx_word' id='word_1_226' title='bbox 3033 4118 3245 4212; x_wconf 89' lang='lat' dir='ltr'><strong>longe</strong></span> <span class='ocrx_word' id='word_1_227' title='bbox 3290 4120 3635 4214; x_wconf 85' lang='lat' dir='ltr'><strong>religione</strong></span> <span class='ocrx_word' id='word_1_228' title='bbox 3680 4120 3894 4192; x_wconf 91' lang='lat' dir='ltr'><strong>hone-</strong></span> 
     </span>
     <span class='ocr_line' id='line_1_30' title="bbox 1096 4229 3892 4326; baseline -0.002 -13"><span class='ocrx_word' id='word_1_229' title='bbox 1096 4241 1308 4322; x_wconf 81' lang='lat' dir='ltr'><strong>stati3</strong></span> <span class='ocrx_word' id='word_1_230' title='bbox 1338 4236 1793 4315; x_wconf 88' lang='lat' dir='ltr'><strong>Scandalaus,</strong></span> <span class='ocrx_word' id='word_1_231' title='bbox 1813 4231 2237 4326; x_wconf 88' lang='lat' dir='ltr'><strong>Eoglodius,</strong></span> <span class='ocrx_word' id='word_1_232' title='bbox 2260 4229 2650 4316; x_wconf 76' lang='lat' dir='ltr'><strong>TotaneuS,</strong></span> <span class='ocrx_word' id='word_1_233' title='bbox 2682 4232 3103 4315; x_wconf 86' lang='lat' dir='ltr'><strong>Moteferus‚</strong></span> <span class='ocrx_word' id='word_1_234' title='bbox 3130 4242 3203 4304; x_wconf 87' lang='lat' dir='ltr'><strong>et</strong></span> <span class='ocrx_word' id='word_1_235' title='bbox 3223 4231 3604 4306; x_wconf 82' lang='lat' dir='ltr'><strong>Gallanus:</strong></span> <span class='ocrx_word' id='word_1_236' title='bbox 3631 4235 3709 4306; x_wconf 90' lang='lat' dir='ltr'><strong>hi</strong></span> <span class='ocrx_word' id='word_1_237' title='bbox 3731 4238 3892 4320; x_wconf 85' lang='lat' dir='ltr'><strong>viri,</strong></span> 
     </span>
     <span class='ocr_line' id='line_1_31' title="bbox 1097 4347 3891 4436; baseline -0.002 -10"><span class='ocrx_word' id='word_1_238' title='bbox 1097 4353 1450 4427; x_wconf 88' lang='lat' dir='ltr'><strong>Columba</strong></span> <span class='ocrx_word' id='word_1_239' title='bbox 1479 4353 1552 4421; x_wconf 92' lang='lat' dir='ltr'><strong>in</strong></span> <span class='ocrx_word' id='word_1_240' title='bbox 1584 4349 2011 4418; x_wconf 90' lang='lat' dir='ltr'><strong>Hiberniam</strong></span> <span class='ocrx_word' id='word_1_241' title='bbox 2040 4347 2596 4430; x_wconf 87' lang='lat' dir='ltr'><strong>transmittente,</strong></span> <span class='ocrx_word' id='word_1_242' title='bbox 2628 4349 2867 4418; x_wconf 90' lang='lat' dir='ltr'><strong>sedem</strong></span> <span class='ocrx_word' id='word_1_243' title='bbox 2894 4357 3293 4420; x_wconf 87' lang='lat' dir='ltr'><strong>statuentes</strong></span> <span class='ocrx_word' id='word_1_244' title='bbox 3318 4348 3397 4416; x_wconf 88' lang='lat' dir='ltr'><strong>in</strong></span> <span class='ocrx_word' id='word_1_245' title='bbox 3423 4348 3603 4420; x_wconf 90' lang='lat' dir='ltr'><strong>Iona</strong></span> <span class='ocrx_word' id='word_1_246' title='bbox 3634 4351 3891 4436; x_wconf 91' lang='lat' dir='ltr'><strong>insula,</strong></span> 
     </span>
     <span class='ocr_line' id='line_1_32' title="bbox 1098 4462 3891 4555; baseline -0.002 -12"><span class='ocrx_word' id='word_1_247' title='bbox 1098 4471 1477 4544; x_wconf 89' lang='lat' dir='ltr'><strong>Scotorum</strong></span> <span class='ocrx_word' id='word_1_248' title='bbox 1528 4465 2040 4554; x_wconf 88' lang='lat' dir='ltr'><strong>Pictorumque</strong></span> <span class='ocrx_word' id='word_1_249' title='bbox 2087 4462 2415 4555; x_wconf 89' lang='lat' dir='ltr'><strong>regiones</strong></span> <span class='ocrx_word' id='word_1_250' title='bbox 2465 4462 2607 4553; x_wconf 88' lang='lat' dir='ltr'><strong>piis</strong></span> <span class='ocrx_word' id='word_1_251' title='bbox 2666 4464 3041 4534; x_wconf 89' lang='lat' dir='ltr'><strong>lustrando</strong></span> <span class='ocrx_word' id='word_1_252' title='bbox 3092 4465 3497 4548; x_wconf 88' lang='lat' dir='ltr'><strong>sudoribus,</strong></span> <span class='ocrx_word' id='word_1_253' title='bbox 3556 4466 3891 4550; x_wconf 89' lang='lat' dir='ltr'><strong>docendo,</strong></span> 
     </span>
     <span class='ocr_line' id='line_1_33' title="bbox 1099 4579 3893 4675; baseline -0.003 -16"><span class='ocrx_word' id='word_1_254' title='bbox 1099 4585 1532 4665; x_wconf 88' lang='lat' dir='ltr'><strong>disserendo,</strong></span> <span class='ocrx_word' id='word_1_255' title='bbox 1561 4580 1952 4661; x_wconf 91' lang='lat' dir='ltr'><strong>scribendo,</strong></span> <span class='ocrx_word' id='word_1_256' title='bbox 1979 4588 2371 4670; x_wconf 89' lang='lat' dir='ltr'><strong>utrumque</strong></span> <span class='ocrx_word' id='word_1_257' title='bbox 2395 4581 2743 4670; x_wconf 88' lang='lat' dir='ltr'><strong>populum</strong></span> <span class='ocrx_word' id='word_1_258' title='bbox 2770 4579 3062 4670; x_wconf 89' lang='lat' dir='ltr'><strong>optimis</strong></span> <span class='ocrx_word' id='word_1_259' title='bbox 3091 4579 3409 4650; x_wconf 87' lang='lat' dir='ltr'><strong>moribus</strong></span> <span class='ocrx_word' id='word_1_260' title='bbox 3444 4591 3519 4651; x_wconf 91' lang='lat' dir='ltr'><strong>et</strong></span> <span class='ocrx_word' id='word_1_261' title='bbox 3549 4581 3893 4675; x_wconf 83' lang='lat' dir='ltr'><strong>religione</strong></span> 
     </span>
     <span class='ocr_line' id='line_1_34' title="bbox 1099 4693 3888 4788; baseline -0.002 -13"><span class='ocrx_word' id='word_1_262' title='bbox 1099 4699 1580 4775; x_wconf 89' lang='lat' dir='ltr'><strong>imbuerunt.”</strong></span> <span class='ocrx_word' id='word_1_263' title='bbox 1604 4697 1655 4766; x_wconf 84' lang='lat' dir='ltr'><strong>J</strong></span> <span class='ocrx_word' id='word_1_264' title='bbox 1656 4721 1722 4768; x_wconf 93' lang='lat' dir='ltr'><strong>o.</strong></span> <span class='ocrx_word' id='word_1_265' title='bbox 1752 4695 2088 4764; x_wconf 85' lang='lat' dir='ltr'><strong>Leslaeus</strong></span> <span class='ocrx_word' id='word_1_266' title='bbox 2114 4695 2238 4767; x_wconf 89' lang='lat' dir='ltr'><strong>lib.</strong></span> <span class='ocrx_word' id='word_1_267' title='bbox 2264 4711 2374 4763; x_wconf 77' lang='lat' dir='ltr'><strong>IV.</strong></span> <span class='ocrx_word' id='word_1_268' title='bbox 2406 4693 2602 4764; x_wconf 89' lang='lat' dir='ltr'><strong>Hist.</strong></span> <span class='ocrx_word' id='word_1_269' title='bbox 2632 4693 2820 4765; x_wconf 89' lang='lat' dir='ltr'><strong>Scot.</strong></span> <span class='ocrx_word' id='word_1_270' title='bbox 2849 4715 3013 4788; x_wconf 88' lang='lat' dir='ltr'><strong>pag.</strong></span> <span class='ocrx_word' id='word_1_271' title='bbox 3044 4712 3240 4764; x_wconf 82' lang='lat' dir='ltr'><strong>CLII.</strong></span> <span class='ocrx_word' id='word_1_272' title='bbox 3288 4693 3589 4766; x_wconf 84' lang='lat' dir='ltr'><strong>Sanctus</strong></span> <span class='ocrx_word' id='word_1_273' title='bbox 3612 4699 3888 4770; x_wconf 86' lang='lat' dir='ltr'><strong>colitur.</strong></span> 
     </span>
     <span class='ocr_line' id='line_1_35' title="bbox 1101 4809 3889 4908; baseline -0.003 -17"><span class='ocrx_word' id='word_1_274' title='bbox 1101 4819 1346 4891; x_wconf 85' lang='lat' dir='ltr'><strong>Uvion</strong></span> <span class='ocrx_word' id='word_1_275' title='bbox 1379 4817 1502 4888; x_wconf 88' lang='lat' dir='ltr'><strong>lib.</strong></span> <span class='ocrx_word' id='word_1_276' title='bbox 1541 4833 1666 4886; x_wconf 91' lang='lat'><strong>111.</strong></span> <span class='ocrx_word' id='word_1_277' title='bbox 1703 4811 1869 4908; x_wconf 90' lang='lat' dir='ltr'><strong>Lig.</strong></span> <span class='ocrx_word' id='word_1_278' title='bbox 1905 4811 2057 4882; x_wconf 92' lang='lat' dir='ltr'><strong>Vit.</strong></span> <span class='ocrx_word' id='word_1_279' title='bbox 2093 4833 2259 4904; x_wconf 89' lang='lat' dir='ltr'><strong>pag.</strong></span> <span class='ocrx_word' id='word_1_280' title='bbox 2298 4827 2677 4881; x_wconf 76' lang='lat' dir='ltr'><strong>ccccxw.</strong></span> <span class='ocrx_word' id='word_1_281' title='bbox 2766 4809 2919 4882; x_wconf 90' lang='lat' dir='ltr'><strong>Nec</strong></span> <span class='ocrx_word' id='word_1_282' title='bbox 2960 4810 3129 4881; x_wconf 88' lang='lat' dir='ltr'><strong>alibi</strong></span> <span class='ocrx_word' id='word_1_283' title='bbox 3174 4813 3385 4902; x_wconf 83' lang='lat' dir='ltr'><strong>plura</strong></span> <span class='ocrx_word' id='word_1_284' title='bbox 3424 4813 3513 4883; x_wconf 91' lang='lat' dir='ltr'><strong>de</strong></span> <span class='ocrx_word' id='word_1_285' title='bbox 3547 4811 3889 4885; x_wconf 87' lang='lat' dir='ltr'><strong>Domitio.</strong></span> 
     </span>
    </p>
   </div>
  </div>
 </body>
</html>
