4384 5817
1119 529 1247 596 168
1889 525 2355 595 HISTORIA
2402 525 3151 594 ECCLESIASTICA

1118 722 1474 792 stinornm
1507 728 1890 801 auctorem,
1925 716 2283 788 Bonifacii
2316 716 2531 790 VIII.
2584 719 3046 790 decessorem.
3148 718 3257 791 Ut
3308 741 3559 790 verum
3609 745 3755 792 non
3806 725 3899 792 sit

1117 855 1290 928 ergo
1337 853 1500 903 eum
1545 830 1952 923 pontificem
1995 830 2242 913 fuisse,
2292 839 2481 902 certe
2530 833 2607 902 in
2660 842 2907 924 aperto
2956 843 3087 914 est,
3138 835 3453 906 maxima
3502 839 3901 910 sanctitatis

1116 948 1452 1039 opinione
1484 944 1812 1017 floruisse
1846 946 2042 1028 olim,
2077 954 2150 1016 et
2183 968 2375 1018 nunc
2408 947 2619 1019 hodie
2651 946 2992 1020 Coloniae
3022 949 3391 1020 miraculis
3424 951 3899 1034 inclarescere,

1114 1063 1239 1134 ubi
1291 1064 1640 1152 templum
1692 1061 1910 1132 habet
1953 1061 2109 1132 Deo
2159 1061 2297 1132 sub
2344 1064 2795 1134 invocatione
2846 1064 3099 1156 ipsius,
3148 1073 3223 1136 et
3268 1085 3519 1136 versus
3568 1069 3894 1156 appositi,

1113 1178 1376 1270 quibus
1410 1186 1716 1270 papatus
1750 1177 2092 1249 honorem
2132 1199 2295 1250 eum
2342 1177 2617 1272 fugisse
2663 1179 3052 1270 proditum.
3152 1177 3346 1250 Acta
3390 1181 3723 1252 ecclesiae
3768 1182 3899 1253 Co-

1109 1293 1474 1375 loniensis,
1519 1301 1594 1364 et
1627 1292 1888 1365 Petrus
1931 1291 2383 1383 Cratepolius
2429 1293 2781 1365 Minorita
2828 1294 2907 1364 in
2955 1295 3395 1366 successione
3442 1295 3637 1366 illius
3690 1298 3893 1368 sedis.

1111 1405 1430 1481 Joannes
1465 1407 1880 1482 Gualterius
1915 1410 1994 1480 in
2039 1408 2397 1480 Chronico
2438 1407 2955 1480 Chronicorum
3008 1431 3173 1504 pag.
3229 1427 3575 1481 uccnxl.
3628 1433 3719 1482 ex
3770 1415 3895 1482 loci

1110 1525 1420 1596 archivis
1449 1545 1468 1596 z

1711 1669 1982 1730 Clemens
2008 1669 2267 1750 Cyriace,
2294 1681 2573 1750 papatum
2596 1669 2815 1738 renuis,

1789 1765 1892 1824 Ad
1917 1777 2128 1825 nutum
2157 1764 2407 1825 Ursulae
2432 1763 2719 1824 decedens
2740 1771 3018 1824 strenuus

1865 1853 2229 1920 Triremibus
2252 1859 2327 1920 ad
2356 1859 2557 1920 Ubios.

1205 1995 1474 2064 Passus
1508 2000 1618 2063 est
1650 2013 1838 2062 anno
1873 2009 2153 2062 onnus.
2256 1991 2541 2063 Colitur
2580 1990 2695 2060 die
2741 1989 2901 2060 aliis
2945 1991 3329 2074 communi,
3378 2007 3559 2062 xx1.
3598 1991 3884 2066 Octobr.

1105 2109 1484 2181 translatio
1517 2128 1689 2180 vero
1723 2108 1968 2201 agitur
2002 2125 2248 2178 xxlx.
2282 2106 2519 2199 April.

2033 2336 2108 2408 S.
2163 2333 2673 2408 CORDULA.
2778 2339 2946 2414 289.

1099 2582 1143 2614 ‘⁶
1169 2569 1242 2641 S.
1271 2569 1702 2654 ConnuLA,
1736 2568 2102 2640 Ursulana
2127 2569 2337 2664 virgo
2360 2576 2434 2639 et
2452 2575 2753 2660 martyr,
2778 2589 2925 2638 una
2947 2575 3021 2639 et
3046 2589 3138 2639 ex
3160 2569 3560 2661 praecipuis
3587 2573 3877 2667 virgini-

1093 2689 1253 2770 bus,
1288 2708 1473 2777 quae
1505 2684 1698 2776 apud
1732 2681 2104 2754 Coloniam
2147 2692 2321 2755 sunt
2364 2703 2614 2774 passae
2663 2704 2828 2753 cum
2872 2681 3141 2754 Ursula
3188 2707 3271 2754 ac
3320 2693 3476 2756 toto
3524 2688 3879 2781 collegi0.’·’

1093 2799 1336 2872 Verba
1367 2809 1540 2872 sunt
1573 2798 1776 2869 Petri
1809 2797 2199 2890 Cratepolii
2232 2799 2311 2867 in
2344 2797 2583 2868 Sanct.
2611 2796 2949 2868 German.
2978 2819 3140 2893 pag.
3170 2817 3415 2870 xL111.
3444 2809 3601 2871 tum
3638 2823 3729 2872 ex
3762 2826 3879 2875 ne.-

1095 2917 1240 2987 scio
1274 2938 1418 3007 quo
1453 2913 1772 2985 Roberto
1806 2914 1912 2984 ait
1944 2935 2100 2982 eam
2133 2911 2227 2982 ab
2268 2908 2573 2984 Alberto
2618 2913 2892 3008 Magno
2938 2917 3359 2986 translatam
3410 2926 3483 2986 et
3527 2919 3875 3001 levatam3

1092 3031 1456 3122 additque,
1484 3038 1530 3071 ‘⁴
1555 3029 1748 3120 apud
1782 3028 2132 3100 Dominae
2163 3025 2214 3096 J
2216 3028 2545 3098 oannitas
2571 3038 3058 3112 conservatur,
3082 3031 3290 3124 cujus
3324 3032 3789 3122 sepulchrum·
3804 3035 3879 3103 in

1091 3144 1304 3216 horto
1337 3145 1602 3216 visitur
1623 3145 1684 3214 :⁹³
1739 3164 1874 3215 nec
1905 3145 2134 3235 plura.

1191 3259 1413 3332 Passa
1445 3270 1557 3331 est
1587 3282 1777 3331 anno
1811 3275 2091 3330 cDle.
2125 3257 2617 3330 translationis
2650 3258 2801 3328 dies
2836 3268 2945 3329 est
2978 3260 3270 3353 ignotus
3303 3262 3498 3352 apud
3531 3283 3669 3332 me.

1909 3487 1984 3558 S.
2037 3484 2521 3559 CONSTAN
2522 3485 2707 3559 TIU
2706 3485 2779 3557 S.
2884 3494 3051 3568 290.

1083 3723 1158 3792 S.
1219 3722 1803 3793 CONSTAN‘rms
1861 3719 2140 3805 Scotus,
2200 3741 2350 3790 una
2405 3739 2568 3790 cum
2626 3718 3006 3790 Ursulanis
3064 3719 3221 3792 Deo
3278 3730 3658 3806 mactatus,
3710 3747 3867 3794 cum

1081 3845 1293 3908 antea
1355 3837 1612 3907 fuisset
1677 3835 2025 3920 laborum,
2092 3836 2269 3918 voti,
2336 3815 2709 3920 castitatis,
2778 3859 2860 3908 ac
2924 3842 3523 3935 peregrinationis
3584 3863 3863 3914 comes:

1078 3953 1247 4023 hinc
1301 3953 1528 4043 liquet
1585 3951 1862 4045 aliquos
1921 3953 2136 4035 viros,
2198 3953 2461 4043 pietate
2518 3953 2860 4046 insignes,
2923 3955 3239 4049 virgines
3306 3967 3587 4028 sanctas
3656 3958 3862 4028 domo

1079 4069 1472 4149 comitatos,
1523 4089 1692 4138 nam
1740 4077 2023 4160 praeter
2070 4066 2477 4159 cyriacum,
2536 4067 2625 4137 de
2675 4091 2819 4160 quo
2866 4070 2987 4140 hic
3034 4091 3274 4163 supra,
3325 4070 3378 4141 J
3378 4073 3679 4143 acobum
3732 4073 3862 4144 Pa·

1079 4182 1466 4254 triarcham
1535 4182 2090 4265 Antiochenam,
2158 4181 2429 4263 Scotos,
2499 4183 2967 4256 Manthulum
3036 4188 3449 4280 episcopum
3516 4187 3861 4258 Basilicu-

1077 4319 1251 4379 sem,
1298 4298 1420 4367 alii
1466 4319 1750 4390 quoque
1791 4297 1934 4367 viri
1982 4297 2060 4366 in
2109 4297 2455 4368 comitatu
2504 4297 2729 4368 fuere.
2832 4300 3031 4372 Petri
3084 4302 3303 4374 verba
3352 4310 3521 4372 sunt
3566 4302 3691 4373 lib.
3747 4320 3857 4372 lx.

1077 4434 1228 4504 cap.
1266 4428 1586 4484 xxcvn.
1652 4422 1696 4455 ‘⁴
1729 4411 1950 4483 Pater
1979 4411 2287 4482 Ursulae
2328 4412 2633 4484 Maurus
2676 4413 3333 4488 christianissimus
3384 4439 3514 4488 rex
3563 4415 3857 4499 Scenae,

1075 4550 1237 4599 cum
1273 4529 1454 4598 iram
1489 4529 1681 4624 regis
1725 4527 2037 4621 Angliae
2080 4527 2501 4598 formidaret
2504 4577 3177 4601 ..........
3228 4533 3331 4602 eis
3374 4532 3859 4604 honorabilem

1075 4643 1494 4714 comitatum
1556 4646 1946 4714 multorum
2008 4644 2503 4736 episcoporum
2564 4656 2637 4717 et
2694 4645 3039 4718 baronum
3097 4645 3409 4741 Angliae
3456 4656 3532 4718 et
3582 4647 3856 4718 Scotiae

1073 4760 1434 4832 tradidit.”
1535 4759 1656 4831 Ex
1722 4759 1983 4830 horum
2049 4760 2545 4851 episcoporum
2611 4760 2723 4832 vel
2784 4759 3135 4832 baronum
3192 4782 3491 4834 numero
3550 4760 3857 4834 Sanctus
