4384 5817
1254 543 1610 614 GENTIS
1657 537 2215 616 SCOTORUM,
2262 535 2443 606 LIB.
2484 535 2615 604 111.
2738 613 2759 632 ⁸
3187 533 3317 600 163

628 741 916 812 Floruit
948 759 1139 810 anno
1175 751 1518 808 nchvl.
1603 732 1653 803 J
1655 754 1816 806 oan.
1857 729 2195 802 Leslaeus
2228 729 2352 802 lib.
2393 746 2503 800 ιν.
2539 748 2702 822 pag.
2742 742 2967 796 cmx.

1473 963 1548 1034 S.
1601 959 2122 1036 COMINIUS.
2226 956 2393 1037 276.

528 1199 600 1271 S.
662 1199 1084 1270 COMINIUS
1145 1197 1540 1290 discipulus
1596 1195 1670 1266 S.
1733 1192 2160 1266 columbani
2218 1202 2663 1262 memoratur
2718 1211 2765 1260 a
2819 1187 2869 1258 J
2870 1210 3011 1260 ona
3066 1189 3321 1262 abbate

529 1315 740 1386 Scoto
779 1315 858 1385 in
892 1313 1070 1388 Vita
1115 1313 1438 1408 ejusdem
1487 1311 1720 1384 saneti
1768 1331 1924 1402 cap.
1959 1323 2146 1380 1111.
2201 1313 2246 1346 “
2279 1305 2613 1389 Quatuor
2659 1304 2927 1400 insigni
2976 1305 3319 1399 religione

529 1432 724 1502 viros
755 1453 888 1522 per
917 1439 1234 1522 quatuor
1263 1427 1516 1520 messis
1551 1427 1852 1520 angulos
1880 1421 2220 1514 disponit,
2250 1430 2431 1513 puta
2452 1420 2888 1502 Cominium,
2916 1417 3319 1504 Eunocum,

529 1556 742 1638 atque
775 1543 1300 1637 Atquananum
1331 1565 1424 1614 ex
1455 1563 1716 1637 genere
1740 1538 2140 1620 Scotorum,
2165 1545 2509 1628 quartum
2534 1533 3008 1629 Guorganum
3032 1536 3323 1606 natione

531 1661 972 1734 Britonem.’'
1038 1658 1226 1732 Cum
1249 1657 1601 1752 magistro
1625 1677 1716 1726 ex
1739 1654 1980 1728 Scotia
2004 1675 2132 1726 seu
2160 1651 2515 1724 Hibernia
2538 1673 2887 1746 egressuS,
2923 1674 2963 1724 e
2988 1650 3325 1722 Luxovio

531 1798 692 1850 cum
717 1777 966 1848 eodem
991 1797 1040 1848 a
1061 1774 1338 1848 sicariis
1371 1773 1734 1864 expulsus,
1770 1770 2124 1852 TmoneS,
2155 1767 2555 1850 Aureliam,
2581 1764 2657 1836 N
2658 1775 2974 1852 annetes,
3006 1766 3325 1840 Parisios

529 1891 890 1976 lustravit,
923 1913 1088 1964 cum
1121 1912 1207 1960 eo
1240 1887 1656 1960 Luxovium
1688 1887 1926 1970 rediit,
1957 1888 2039 1960 in
2073 1885 2453 1960 Helvetios
2485 1884 2706 1967 venit,
2750 1885 2831 1958 in
2874 1883 3165 1956 Italiam
3208 1883 3326 1956 de-

419 2083 428 2094 ,
531 2007 824 2080 scendit.
927 2005 1230 2097 Scripsit

821 2121 1018 2194 Acta
1047 2121 1262 2192 Beati
1295 2119 1538 2191 Patris
1572 2117 2000 2192 columbani
2033 2117 2367 2213 mag-istri
2710 2115 2834 2186 lib.
2874 2135 2927 2186 1.

624 2237 912 2308 Floruit
965 2257 1156 2308 anno
1213 2253 1321 2306 nc
1329 2251 1558 2306 val.
1661 2232 1942 2306 Sanctis
1997 2232 2292 2306 ascribit
2356 2230 2963 2326 Martyrologium
3014 2227 3325 2326 Angliae

531 2353 904 2424 colendum
937 2353 1056 2422 die
1091 2368 1264 2421 ΧΠ.
1302 2351 1660 2424 Octobris.

1415 2581 1492 2652 S.
1544 2575 2156 2654 CAILTANUS.
2262 2581 2433 2656 27⁸7.

531 2813 604 2882 S.
627 2811 951 2882 CAILTA
959 2827 1142 2896 rma,
1167 2811 1404 2884 socius
1425 2810 1744 2906 ejusdem
1768 2808 2181 2892 Columbae,
2214 2818 2287 2882 et
2310 2808 2731 2901 discipulus,
2759 2811 3017 2886 celebri
3042 2813 3329 2886 nomine

529 2928 734 3002 audit
767 2927 960 3018 apud
993 2925 1069 2998 S.
1105 2926 1622 3002 Adamannum
1657 2926 1950 2998 Scotum
1977 2923 2156 2996 Vita
2178 2925 2503 3018 ejusdem
2528 2928 2759 3000 sancti
2786 2951 2942 3020 cap.
2968 2945 3177 2998 xvn.
3204 2929 3327 3001 lib.

537 3062 590 3114 1.
615 3041 746 3114 ubi
773 3049 818 3086 “
834 3043 1048 3114 cellae
1073 3043 1561 3136 praepositus”
1586 3050 1907 3114 vocatur.
1969 3039 2123 3112 Nec
2147 3041 2321 3114 alibi
2344 3041 2433 3114 de
2458 3064 2543 3114 eo
2562 3043 2795 3137 legere
2820 3044 3114 3116 memini
3135 3044 3333 3135 quic-

532 3179 772 3250 qum,
807 3158 1001 3250 quod
1037 3158 1280 3240 sciam,
1313 3159 1456 3228 nisi
1489 3158 1680 3250 quod
1732 3153 1974 3228 Bruni
2014 3157 2441 3230 collectanea
2486 3178 2652 3228 eum
2697 3158 2777 3230 in
2822 3156 3331 3232 Sutherlandia

535 3273 862 3345 abbatem
896 3271 1122 3344 fuisse
1155 3271 1416 3344 ferant.
1520 3271 1822 3365 Scripsit
2043 3263 2062 3282 ⁶

825 3385 1336 3460 Meditationes
2324 3387 2448 3459 lib.
2484 3406 2537 3458 1.

627 3503 914 3576 Floruit
947 3524 1138 3573 anno
1169 3519 1392 3574 Dcvl.
1467 3500 1809 3573 Sanctum
1845 3503 2175 3573 nonnulli
2210 3503 2507 3578 faciunt.
2570 3503 2854 3575 Colitur
2880 3521 3065 3576 x111.
3103 3503 3323 3575 Mart.

409 3717 428 3752 s
531 3619 708 3714 Reg-

1451 3811 1524 3882 s.
1578 3799 2144 3888 CATALDUs.
2246 3802 2414 3894 278.

529 3964 602 4035 S.
663 3963 1136 4048 CATALDUS,
1194 3963 1452 4034 Scotus
1511 3973 1700 4044 ortu,
1760 3963 1840 4034 in
1899 3963 2309 4055 Knapdalia
2364 3965 2799 4038 monasterio
2856 3964 3099 4036 Sancti
3153 3964 3325 4038 Phi-

528 4081 674 4150 lani
725 4079 1092 4163 educatus,
1160 4087 1234 4150 et
1285 4078 1460 4170 quia
1509 4085 1724 4148 natus
1783 4078 1862 4148 in
1920 4078 2199 4150 Scotiae
2256 4081 2641 4163 montania,
2694 4103 2877 4172 quae
2932 4080 3325 4152 Hiberniae

529 4215 792 4265 nomen
843 4193 1270 4275 habuerunt,
1327 4193 1489 4262 ideo
1531 4215 1578 4263 a
1625 4193 1990 4264 nonnullis
2041 4192 2143 4263 Hi
2151 4193 2411 4266 bernus
2460 4196 2737 4281 audiit3
2790 4199 2913 4268 sed
2946 4196 3125 4269 Vita
3166 4199 3322 4292 ejus

529 4310 794 4380 diserte
843 4309 920 4379 in
983 4307 1164 4380 Iona
1221 4307 1596 4378 Scotorum
1653 4307 1892 4378 insula
1936 4317 2189 4380 natum
2240 4311 2503 4401 prodit,
2552 4333 2737 4402 quae
2786 4321 2984 4383 extat
3033 4311 3193 4384 MS.
3246 4313 3325 4382 in

531 4422 1012 4494 Ambrosiana
1052 4422 1503 4504 bibliotheca}
1548 4431 1634 4494 ut
1675 4443 1766 4492 ex
1806 4423 2034 4493 literis
2071 4423 2164 4494 R.
2202 4423 2288 4495 P.
2326 4425 2620 4521 Georgii
2665 4425 3101 4522 Archangeli
3148 4426 3322 4499 Les-

533 4539 668 4608 laei
703 4537 1051 4629 Capueini
1087 4546 1416 4629 apparet:
1467 4546 1834 4629 praeterea
1876 4539 1956 4609 in
2000 4538 2443 4629 praefatione
2487 4541 2579 4611 ad
2613 4539 3143 4615 Successionem
3184 4541 3323 4613 Ec-

534 4651 785 4723 clesiae
849 4650 1380 4722 Dunkeldensis
1447 4651 1859 4723 Alexander
1925 4652 2177 4726 Millus
2247 4657 2628 4728 canonicus
2694 4656 2797 4726 ait
2862 4656 3057 4726 hunc
3124 4679 3320 4727 sanc-

535 4775 692 4836 tum
767 4765 845 4837 in
921 4764 1570 4868 Duncaledoniensi
1635 4775 1874 4839 tractu
1939 4777 2014 4838 et
2077 4767 2599 4843 Dumblanensi
2666 4772 2795 4842 diu
2861 4771 3111 4842 munia
3176 4774 3319 4864 epi·
