4384 5817
1117 549 1248 619 176
1891 547 2361 618 HISTORIA
2406 544 3161 618 ECCLESIASTICA

1515 741 1662 833 psit
1693 739 2100 835 Dungalus.
2162 737 2351 812 Vide
2384 761 2569 834 quae
2601 737 2886 810 notavit
2910 734 3273 828 Papyrius
3308 733 3693 808 Massonus
3726 736 3799 808 J.
3832 737 3914 810 C.

1412 855 1504 928 In
1536 856 1631 927 D.
1669 855 2126 927 Matthaeum
3068 851 3195 924 lib.
3238 869 3361 922 111.
3394 873 3609 945 quem
3642 853 3915 944 primus

1515 973 1849 1065 exposuit
1885 971 2247 1044 Batonius
2280 979 2455 1042 tom.
2495 987 2576 1040 x.
2610 965 2882 1040 Annal.

1414 1087 1506 1160 In
1543 1087 2134 1174 pentateuchum,
3086 1082 3211 1156 lib.
3248 1101 3328 1154 v.

1411 1203 1502 1275 In
1539 1203 1800 1296 Capita
1830 1201 1880 1272 J
1882 1203 2174 1274 udicum
3082 1199 3210 1272 lib.
3250 1217 3303 1270 1.

1410 1318 1932 1390 Enarrationes
1965 1319 2043 1388 in
2077 1317 2287 1389 Ruth
3082 1315 3207 1386 lib.
3247 1333 3301 1386 1.

1411 1431 1644 1525 Super
1679 1433 2114 1505 Psalterium
3084 1432 3211 1503 lib.
3249 1452 3303 1505 1.

1412 1547 1505 1619 In
1538 1571 1783 1620 omnes
1817 1548 2184 1640 Epistolas
2218 1549 2431 1620 Pauli
3084 1548 3210 1622 lib.
3248 1566 3301 1619 1.

1412 1663 1526 1735 De
1560 1663 2199 1758 Evangelistarum
2233 1663 2629 1736 Concordia
3086 1666 3211 1735 lib.
3250 1680 3425 1735 xlv.

1414 1779 1836 1850 Memoriale
1873 1777 2365 1850 Historiarum
3084 1781 3207 1852 lib.
3246 1799 3299 1852 1.

1416 1893 1714 1965 Summa
1747 1895 2099 1986 quaedam
3081 1897 3204 1968 lib.
3242 1915 3297 1968 1.

1415 2008 1780 2082 Homiliae
3076 2013 3200 2084 lib.
3244 2031 3295 2084 1.
3380 2020 3468 2083 ut
3555 2011 3911 2086 Bostonus

1511 2125 1834 2198 tradidit.

1215 2239 1589 2312 claritudo
1635 2242 2020 2332 praecipua
2061 2265 2253 2314 anno
2287 2259 2695 2314 Dechxv.
2750 2245 2871 2315 sed
2924 2245 3213 2337 quando
3262 2243 3542 2329 obierit,
3594 2255 3723 2320 aut
3770 2246 3911 2328 ubi,

1115 2379 1262 2428 non
1293 2379 1546 2448 repen.

2047 2586 2536 2662 CLEMENS
2583 2589 2719 2664 VI.
2824 2596 2991 2664 305.

1123 2821 1532 2892 CLEMErxs
1565 2819 1700 2892 VI.
1736 2819 1871 2891 etsi
1915 2829 2082 2891 ortu
2127 2820 2505 2906 Lemovix,
2546 2831 2789 2894 tamen
2832 2823 3026 2894 inter
3071 2819 3319 2894 Scotos
3364 2843 3563 2894 meos
3600 2823 3773 2917 jure
3812 2847 3921 2898 re-

1123 2947 1431 3030 ponetur
1465 2960 1553 3007 ex
1589 2935 2121 3007 Scotichronico
2154 2937 2277 3006 lib.
2315 2954 2427 3006 v1.
2468 2959 2621 3030 cap.
2659 2955 2857 3009 XLV.
2914 2948 2959 2981 ‘⁶
2996 2938 3140 3008 Hic
3186 2937 3387 3030 Papa
3420 2939 3751 3011 Clemens
3788 2939 3916 3012 VI.

1124 3053 1488 3125 descendit
1522 3053 1878 3123 linealiter
1911 3052 1999 3122 de
2045 3051 2284 3123 Maria
2318 3053 2682 3125 comitissa
2722 3053 3116 3138 Bononiae,
3162 3053 3311 3128 filia
3357 3053 3429 3125 S.
3468 3053 3921 3150 Margaretae

1123 3171 1434 3266 reginae,
1507 3177 1578 3238 et
1647 3168 1728 3237 M
1734 3167 2011 3237 alcolmi
2081 3169 2275 3261 regis
2336 3167 2778 3239 Scotorum.”
2890 3168 3051 3240 Hoc
3110 3171 3309 3240 nolui
3370 3170 3739 3253 omissum,
3795 3171 3918 3262 qui

1123 3287 1314 3358 bona
1357 3283 1496 3355 fide
1541 3306 1656 3354 res
1704 3282 1984 3355 Scotiae
2027 3304 2227 3353 meae
2271 3284 2615 3375 disquiro,
2661 3295 2735 3356 et
2779 3285 3206 3357 honorificos
3254 3285 3491 3356 laudis
3531 3307 3681 3356 non
3720 3284 3921 3358 fictae

1129 3403 1382 3474 titulos
1417 3400 1484 3470 ei
1519 3421 1874 3492 comparo.
1978 3398 2434 3470 Consulenda
2468 3398 2639 3472 hist.
2674 3403 2915 3474 eccles.

1227 3515 1430 3588 Sedit
1461 3517 1671 3588 annis
1712 3512 2055 3612 [decem]
2161 3514 2459 3588 Electus
2494 3524 2604 3588 est
2636 3539 2827 3590 anno
2866 3511 3383 3612 [sacceum]

2025 3745 2100 3818 S.
2135 3743 2775 3819 CADUCANUS.
2880 3745 3049 3820 306.

1135 3980 1212 4054 S.
1280 3979 1810 4060 CADUCANUS,
1879 3980 2145 4051 illustri
2212 3979 2556 4054 comitum
2623 3979 2711 4049 de
2776 3977 3101 4050 Galweia
3176 3979 3527 4073 sanguine
3606 3981 3685 4052 in
3764 3979 3925 4052 Sco-

1137 4100 1242 4169 tia
1289 4106 1528 4180 natus,
1589 4094 1780 4166 filius
1831 4094 2190 4188 Fergusii,
2244 4093 2471 4165 frater
2517 4093 2846 4178 Othredi,
2898 4118 3061 4166 cum
3112 4095 3239 4169 diu
3290 4095 3495 4166 bonis
3546 4095 3775 4168 literis
3826 4095 3925 4166 in-

1139 4213 1502 4286 cubuisset
1569 4213 1648 4282 in
1710 4211 2068 4282 academia
2127 4209 2546 4293 oxoniensi,
2608 4232 2793 4302 quae
2850 4211 3182 4283 omnibus
3236 4209 3469 4284 Scotis
3536 4218 3611 4282 et
3668 4209 3927 4282 Hiber-

1139 4331 1276 4413 nis,
1321 4338 1406 4398 ut
1455 4329 1630 4410 dixi,
1680 4349 1828 4398 non
1876 4327 2387 4417 minusquam
2435 4321 2699 4420 Anglis
2748 4327 3147 4398 communis
3208 4335 3388 4408 erat,
3436 4333 3512 4396 et
3560 4322 3930 4396 confirmat

1143 4444 1590 4516 Clementina
1653 4437 1747 4512 de
1810 4436 2221 4532 Mag-istrie
2283 4440 2407 4512 lib.
2477 4457 2554 4511 v.
2632 4463 2722 4511 ex
2797 4441 3079 4512 decreto
3156 4441 3437 4512 concilii
3501 4437 3929 4510 Viennensis

1141 4561 1292 4632 sub.
1345 4558 1712 4628 Clemente
1767 4553 1862 4628 V.
1931 4557 2096 4626 inde
2154 4565 2539 4640 extractuS,
2594 4557 2687 4626 ad
2744 4553 3321 4628 Banchorensem
3380 4555 3619 4626 sedem
3677 4575 3929 4625 vacan-

1145 4687 1290 4748 tem
1350 4682 1667 4755 vocatuS,
1721 4673 1848 4742 diu
1905 4695 2062 4744 eam
2106 4673 2224 4764 pie
2282 4681 2355 4742 et
2412 4673 2773 4744 moderate
2822 4671 3400 4756 administravit3
3462 4669 3589 4742 sed
3648 4669 3930 4763 regimi-

1146 4795 1260 4866 nis
1309 4800 1702 4883 pertaesus,
1749 4789 2082 4864 derelicto
2138 4787 2431 4872 honore,
2482 4789 2559 4858 in
2608 4785 2921 4864 scotiam
2963 4787 3407 4882 remigravit,
3458 4794 3531 4857 et
3565 4807 3641 4856 se
3675 4784 3753 4853 in
3786 4805 3931 4854 mo-
