4384 5817
1071 484 1160 549 28
1841 476 2307 551 HISTORIA
2348 472 3101 547 ECCLESIASTICA

1083 690 1195 744 1v.
1240 670 1564 769 Augusti
1605 695 1652 745 a
1694 669 2114 743 Florentius
2157 676 2234 742 et
2276 667 2637 742 Fesulana
2676 666 3009 739 ecclesiis.
3058 661 3359 737 Sacrum
3404 662 3559 760 ejus
3606 686 3861 760 corpus

1081 785 1409 881 religiose
1441 792 1852 857 asservatur
1881 783 1962 854 in
1993 782 2263 875 templo
2293 779 2389 853 D.
2426 781 2733 855 Martini
2768 782 2858 854 de
2902 778 3243 853 Mensula
3286 800 3435 853 non
3478 783 3691 878 longe
3734 780 3869 855 Fe-

1083 901 1284 973 sulis.
1385 898 1788 973 Historiam
1820 920 2036 992 porro
2067 920 2275 971 suam
2310 896 2689 971 Cattanius
2720 920 2767 971 a
2800 896 3141 991 Philippo
3174 894 3499 970 Villanio
3532 897 3869 972 historico

1083 1014 1504 1089 Florentino
1534 1015 1802 1089 hausit.
1901 1012 2364 1087 Sebastianus
2398 1010 2740 1098 Medicas,
2784 1024 2861 1087 et
2903 1010 3332 1086 Franciseus
3378 1012 3469 1085 de
3500 1012 3713 1098 Pisis,
3760 1016 3867 1089 in·

1081 1130 1388 1225 quisitor
1421 1130 1906 1214 Florentinus,
1941 1138 1988 1172 “
2019 1128 2413 1213 Donatum,
2458 1140 2535 1203 et
2564 1128 2937 1203 Andrean:
2980 1130 3073 1202 de
3118 1126 3401 1202 Sentis?
3444 1138 3754 1203 vocant:
3800 1145 3871 1204 et

1083 1246 1351 1340 Philip.
1387 1246 1672 1320 Ferrar.
1775 1244 2058 1319 Colitur
2091 1261 2331 1317 xxvl.
2363 1244 2566 1345 Aug.

1671 1474 2158 1549 -JOANNES
2204 1472 3039 1549 ABERC'ROMBIUS.
3144 1482 3264 1551 32.

1081 1707 1132 1778 J
1135 1723 1303 1781 osu
1311 1722 1470 1781 uns
1500 1705 2084 1791 Abererombius,
2117 1706 2652 1791 Benedictinus,
2684 1716 2775 1781 ut
2802 1718 3003 1801 puto,
3036 1708 3316 1781 haeresi
3360 1708 3443 1781 in
3480 1708 3720 1783 Scotia
3748 1730 3871 1783 na-

1081 1824 1308 1897 seenti
1357 1824 1676 1895 animose
1723 1824 2016 1907 restitit,
2065 1832 2140 1895 et
2187 1822 2529 1896 aoerrime
2574 1822 2945 1920 religionis
2992 1824 3385 1916 puritatem
3431 1824 3655 1901 verbo
3707 1848 3867 1923 pro-

1082 1938 1461 2036 pugnavit,
1495 1938 1710 2009 etiam
1746 1937 2020 2011 Christi
2053 1959 2269 2011 eausa
2298 1946 2605 2010 mortem
2638 1960 2915 2032 passus.
3016 1936 3205 2037 Ejus
3238 1950 3455 2013 suntz

1376 2051 1726 2126 Veritatis
1757 2050 2100 2125 Defensio
2866 2052 2995 2125 lib.
3032 2070 3089 2125 1.

1377 2166 1716 2241 Haeresis
1749 2166 2098 2241 Confusio
2862 2167 2989 2240 lib.
3026 2186 3079 2241 1.

1181 2282 1495 2358 Vivebat
1527 2306 1718 2357 anno
1751 2300 2064 2355 numu.

1993 2515 2067 2589 S.
2120 2513 2741 2591 ADELARIUS.
2844 2523 2967 2592 88.

1085 2752 1160 2831 S.
1209 2750 1710 2825 Annunms
1765 2760 1982 2823 natus
2040 2751 2120 2821 in
2169 2748 2431 2834 Scotia,
2482 2770 2647 2821 cum
2696 2748 2772 2822 S.
2824 2747 3203 2825 Boaifaeio
3247 2774 3431 2845 puer
3474 2754 3713 2847 patria
3756 2776 3868 2827 ex-

1085 2878 1439 2963 portatus,
1490 2868 1886 2940 monastico
1934 2876 2106 2939 voto
2155 2867 2237 2937 in
2282 2864 2558 2962 Anglia
2612 2864 3022 2950 obstrietus,
3080 2866 3159 2939 in
3215 2868 3649 2941 monasterio
3710 2868 3870 2942 Mu-

1085 2984 1389 3058 senellae
1445 2990 1888 3055 memoratur
1941 2981 2268 3054 sacerdos
2324 2979 2607 3053 factust
2667 2982 2975 3053 eundem
3032 2980 3513 3067 Bonifadum,
3570 2984 3665 3056 ad
3710 3006 3866 3057 oon-

1087 3100 1488 3171 versionem
1543 3096 1960 3181 infidelium,
1989 3105 2327 3180 secutus,
2384 3096 2663 3188 primus
2714 3093 3183 3169 Herefordiae
3230 3098 3605 3190 episeopus
3664 3100 3863 3171 inau-

1086 3223 1415 3311 guratus,
1447 3234 1732 3285 summa
1751 3212 2144 3285 sanctitate
2174 3212 2387 3295 vixit,
2418 3209 2693 3305 majore
2714 3233 2761 3284 a
2784 3208 3045 3283 Frisiis
3076 3234 3345 3297 caesus,
3378 3234 3571 3286 unus
3602 3236 3695 3286 ex
3728 3232 3864 3286 Lu.

1085 3328 1444 3403 Bonifacii
1493 3329 1703 3400 sociis
1747 3327 2126 3400 veritatem
2171 3326 2519 3423 sanguine
2563 3324 2897 3398 firmavit.
2996 3324 3199 3399 Haec
3244 3330 3663 3400 summatim
3706 3328 3865 3402 Seo-

1081 3444 1549 3528 tiohronioon,
1597 3444 1752 3515 sive
1799 3443 2065 3526 verius,
2115 3443 2274 3538 ejus
2322 3442 2779 3513 continuator
2826 3439 3143 3536 Magnus
3176 3441 3605 3515 Maculloch.
3705 3442 3864 3516 Seo-

1079 3571 1239 3635 tum
1294 3558 1605 3653 probant
1651 3558 2058 3630 communio
2105 3558 2322 3641 vitae,
2380 3554 2728 3639 laborum,
2787 3557 3261 3650 martyriique
3308 3580 3474 3629 cum
3522 3556 3599 3630 S.
3650 3556 3866 3632 Boni-

1079 3676 1268 3750 facio
1331 3683 1511 3759 acta,
1578 3674 1970 3747 auctoritas
2035 3670 2571 3755 Scotichronici,
2638 3673 2760 3743 sed
2826 3673 3039 3766 longe
3104 3674 3462 3746 valentius
3519 3684 3867 3748 monaste-

1083 3794 1274 3865 rium
1311 3788 1803 3872 Herefordiae,
1837 3787 2068 3861 Scotis
2091 3789 2170 3861 in
2194 3794 2623 3881 perpetuum
2656 3794 2999 3870 erectum,
3031 3785 3317 3859 Scotiae
3338 3790 3595 3861 asserit
3619 3790 3865 3862 civem.

1079 3906 1368 3981 Colitur
1396 3905 1514 3976 die
1548 3921 1626 3975 v.
1659 3902 1710 3973 J
1711 3904 1891 3988 unii,
1923 3926 2069 3997 quo
2101 3925 2379 3995 passus,
2412 3911 2489 3973 et
2518 3902 2898 3974 translatio
2932 3918 3079 3972 xx.
3112 3902 3348 3996 April.
3400 3901 3664 3977 Petrus
3696 3905 3865 3978 Cra·

1087 4020 1416 4115 tepolius.
1457 4016 1704 4090 Uvion
1728 4018 1854 4090 lib.
1878 4028 1967 4090 11.
1985 4018 2154 4113 Lig.
2173 4014 2393 4090 Vitae
2414 4038 2571 4109 cap.
2596 4032 2770 4087 xm.
2822 4014 3020 4088 Male
3044 4014 3401 4092 Trithem.
3426 4018 3551 4092 lib.
3579 4038 3693 4092 Π.
3719 4020 3867 4095 Vir.

1085 4139 1348 4211 illustr.
1381 4133 1558 4206 Ord.
1593 4130 1667 4205 S.
1701 4132 1974 4206 Bened.
2009 4155 2164 4228 cap.
2200 4147 2555 4207 cxxcm.
2588 4130 2656 4203 ei
2687 4132 2999 4205 natalem
3032 4132 3355 4230 assignat
3386 4150 3533 4208 xx.
3566 4133 3863 4229 Aprilis.

1079 4249 1381 4345 Scripsit
1887 4296 1892 4303 ·

1373 4362 1498 4439 Ad
1531 4360 1864 4436 Infideles
2864 4362 2993 4434 lib.
3024 4379 3083 4433 1.

1373 4477 1498 4554 Ad
1530 4475 1912 4551 Pontifices
2861 4476 2987 4550 lib.
3026 4493 3079 4547 1.

1177 4594 1448 4671 Passus
1478 4602 1588 4669 est
1619 4614 1810 4667 anno
1843 4608 2176 4666 nccmv.
