4384 5817
1103 573 1238 638 240
1879 573 2351 644 HISTORIA
2396 571 3151 646 EchESIAsTch

1109 765 1274 850 sibi,
1309 773 1393 836 ut
1427 765 1665 848 audio,
1711 765 2154 858 opulentiam
2198 765 2606 858 conquirit3
2655 768 2849 860 quod
2898 790 3045 840 non
3096 777 3247 838 tam
3292 771 3525 854 credo,
3578 791 3798 862 quam
3830 795 3916 843 ex

1110 883 1352 954 animo
1417 881 1678 975 cupi03
1755 881 1942 956 nihil
2007 883 2199 958 enim
2268 891 2381 956 est
2446 884 2641 976 quod
2696 893 2853 958 tam
2910 905 3295 958 amoenum
3354 906 3500 956 non
3560 897 3916 958 mereatur

1115 1021 1510 1094 mgemum.

1653 1197 2397 1274 ARCHIBALDUS
2443 1197 3101 1272 DUMFRISIUS.
3204 1203 3374 1273 435.

1107 1347 1720 1424 AncnmALDus
1767 1348 2243 1434 Dumfrisius,
2302 1351 2395 1424 ab
2452 1351 2719 1444 oppido
2776 1351 2879 1422 sic
2926 1351 3185 1434 dictus,
3240 1351 3635 1424 monachus
3688 1350 3913 1424 Bene·

1107 1465 1422 1540 dictinus
1455 1463 2018 1540 Dumfermelini
2051 1466 2443 1560 professus,
2485 1466 2866 1540 familiaris
2898 1468 3055 1563 regi
3086 1466 3371 1540 Scotiae
3413 1465 3739 1540 Roberto
3772 1467 3906 1539 111.

1107 1581 1570 1656 Domesticus
1631 1580 1942 1656 Gilberti
2001 1581 2409 1671 Greenlaw,
2470 1585 2785 1677 episcopi
2842 1581 3419 1664 Aberdoncnsis..
3468 1583 3629 1678 ejus
3698 1607 3906 1678 opera

1109 1700 1190 1772 in
1249 1697 1524 1774 Gallias
1577 1721 1744 1774 cum
1803 1700 2211 1774 oratoribus
2266 1699 2501 1774 Scotis
2558 1701 2845 1783 missus,
2912 1699 3173 1772 Carolo
3242 1699 3415 1772 vn.
3473 1699 3683 1772 utilis
3744 1701 3901 1774 fuit.

1105 1814 1410 1908 Scripsit

1399 1931 1770 2026 Epistolas
1807 1933 1900 2006 ad
1931 1932 2170 2029 Reges
3000 1934 3123 2006 lib.
3163 1952 3215 2004 1.
3322 1983 3351 2010 .

1201 2047 1543 2124 Florebat
1573 2071 1766 2124 anno
1799 2067 2255 2122 ucccxcvr.

1813 2247 2291 2322 JOANNES
2338 2247 2905 2322 DAZELLUS.
3012 2246 3182 2322 436.

1102 2397 1152 2468 J
1155 2414 1490 2470 OANNEs
1525 2397 1890 2484 Dazellus,
1925 2399 2152 2472 nobili
2198 2399 2479 2471 familia
2520 2421 2607 2470 ac
2648 2398 3048 2470 clarissimo
3090 2398 3405 2494 ingenio,
3452 2397 3721 2472 Graece
3765 2400 3893 2472 La-

1099 2517 1392 2608 tineque
1421 2516 1902 2590 doctissimus.
2005 2513 2098 2588 In
2128 2514 2573 2609 Aquitanica
2604 2513 2845 2587 Gallia
2878 2533 3089 2586 xxx.
3134 2515 3345 2586 annis
3390 2515 3565 2588 totis
3598 2513 3893 2588 Lescaae

1097 2631 1502 2723 politiorem
1531 2632 1984 2704 literaturam
2016 2633 2337 2704 maxima
2368 2630 2777 2704 celebritate
2815 2629 3205 2723 professus,
3238 2631 3529 2723 scripsit

1395 2746 1509 2820 De
1541 2745 1866 2820 Ecclesia
1901 2746 2182 2820 Scotica
2994 2747 3119 2820 lib.
3160 2764 3213 2819 1.

1395 2862 1486 2935 In
1567 2863 1890 2937 Annales
1975 2862 2515 2937 Ecclesiasticos
2598 2865 3071 2936 illustrissimi
3156 2863 3459 2936 Baronii
3543 2866 3887 2938 Observa·

1491 2981 1724 3054 tiones
2990 2981 3116 3052 lib.
3154 2997 3207 3052 1.

1390 3095 1505 3168 De
1535 3095 2005 3190 Antiquitate
2035 3095 2315 3170 Galliae
2344 3096 2827 3191 Aquitanicae
2986 3096 3111 3169 lib.
3150 3116 3204 3168 1.
3238 3119 3421 3189 opus
3446 3099 3883 3180 immensum,

1493 3223 1580 3286 ut
1612 3213 1850 3296 audio,
1885 3222 1960 3284 et
1991 3213 2429 3286 incredibilis
2462 3213 2750 3286 laboris.

1194 3327 1420 3402 Vivat
1453 3329 1710 3414 adhuc,
1743 3351 1838 3400 an
1871 3328 2154 3414 obierit,
2188 3351 2323 3422 pro
2355 3338 2721 3424 comperto
2752 3351 2900 3401 non
2934 3329 3188 3403 habeo.

1684 3563 1734 3634 J
1737 3560 2205 3636 OSEPHUS
2254 3559 3014 3634 DRUMMONDUS.
3120 3565 3289 3640 437.

1098 3792 1147 3865 J
1151 3811 1512 3868 osErnUs
1543 3793 2115 3879 Drummondus,
2141 3795 2367 3867 nobili
2392 3793 2692 3879 familia,
2718 3795 2847 3866 diu
2871 3796 2949 3865 in
2974 3793 3231 3866 Galliis
3258 3797 3479 3870 bonas
3512 3806 3703 3869 artes
3736 3819 3885 3890 pro-

1093 3909 1348 3994 fessus,
1383 3909 1620 4004 Aquis
1655 3909 1920 3983 Sextiis
1953 3911 2225 3984 celebre
2256 3933 2519 3983 nomen
2564 3911 2659 3982 ab
2702 3912 2995 4006 ingenio
3038 3912 3365 4005 adeptus,
3412 3915 3885 4007 disputatione

1092 4049 1310 4120 super
1341 4027 1739 4100 sacerdotio
1771 4027 2014 4120 opimo
2043 4028 2521 4100 clarissimum
2568 4036 2643 4100 et
2680 4027 2822 4100 sibi
2866 4036 2940 4100 et
2988 4030 3189 4124 genti
3240 4031 3641 4104 encomium
3692 4052 3885 4122 prae-

1094 4143 1385 4216 struxit.
1489 4143 1794 4236 Scripsit

1387 4259 2002 4332 Introductionem
2021 4261 2130 4332 ad
2163 4259 2507 4357 Logicam
2980 4262 3105 4334 lib.
3144 4282 3195 4334 1.

1385 4374 1754 4469 Excerpta
1783 4398 1872 4448 ex
1905 4375 2299 4448 Aristotele
2978 4379 3104 4450 lib.
3145 4398 3197 4450 1.

1189 4491 1394 4565 Obiit
1426 4490 1788 4564 Avenioni
1823 4513 2012 4564 anno
2049 4508 2379 4563 MDcxx.

1650 4723 2254 4801 GULIELMUS
2300 4723 3059 4800 DRUMMONDUS.
3162 4730 3331 4800 488.

1643 4839 2162 4948 Gnonoms
2209 4839 2863 4914 DUGLASSIUS.
2967 4846 3135 4922 439.
