4384 5817
1053 531 1186 597 184
1825 527 2299 600 HISTORIA
2342 525 3101 598 ECCLESIASTICA

1057 723 1225 794 lasti
1258 720 1790 794 modulabiliter
1820 721 2186 792 decantari
2212 718 2249 786 ‘s’
2302 718 2587 802 Quibus
2636 725 2951 804 sanctus,
3003 741 3229 813 quare
3272 727 3349 792 et
3391 742 3521 793 vos
3566 723 3846 796 inutilia

1053 860 1247 910 nunc
1277 835 1616 929 profertis
1648 836 1869 909 verba
1888 835 1925 907 P
1961 836 2321 929 quomodo
2354 834 2447 906 ab
2468 835 2597 906 illo
2621 834 2883 906 misero
2906 835 3383 907 homuncione
3408 839 3839 930 postularem

1053 975 1338 1026 carmen
1367 953 1707 1036 laetitiae,
1741 953 1870 1046 qui
1901 975 2096 1025 nunc
2127 951 2223 1022 ab
2253 949 2565 1024 inimicis
2597 950 3001 1022 trucidatus
3034 973 3265 1044 usque
3291 952 3383 1024 ad
3408 950 3627 1023 finem
3648 955 3841 1025 ocius

1051 1069 1382 1160 pervenit
1430 1069 1624 1139 vitae
1647 1066 1726 1136 ?”
1773 1065 2022 1161 Atque
2069 1069 2178 1141 ita
2226 1067 2305 1139 in
2352 1073 2738 1158 conspectu
2782 1065 2903 1138 ille
2952 1089 2993 1138 e
3043 1067 3353 1164 vestigio
3400 1067 3837 1142 interfectus.

1051 1182 1208 1256 Nec
1239 1185 1450 1276 plura
1481 1184 1572 1254 de
1603 1205 1688 1254 eo
1719 1185 1914 1276 apud
1947 1183 2172 1256 alium
2204 1181 2503 1254 memini
2535 1203 2651 1254 me
2682 1183 2941 1278 legere.
3030 1179 3223 1277 Ejus
3254 1193 3430 1256 sunt
3462 1187 3839 1278 opuscula:

1341 1297 1684 1370 Carmina
1715 1299 1920 1369 varia
2834 1298 2959 1370 lib.
2999 1316 3053 1369 1.

1342 1414 1546 1484 Odae
1577 1424 1652 1484 et
1684 1412 1986 1486 Cantica
2834 1415 2961 1488 lib,
2998 1432 3053 1485 1.

1125 1529 1337 1605 Vixit
1357 1531 1546 1602 circa
1568 1551 1840 1604 annum
1865 1547 1998 1602 Dc.
2027 1536 2451 1602 coaetaneus
2474 1527 2551 1600 S.
2580 1529 3053 1615 Columbano,
3088 1529 3179 1602 de
3200 1551 3347 1624 quo
3370 1533 3580 1624 plene
3604 1555 3835 1627 supra.

1768 1758 2359 1832 GILBERTUS
2409 1759 2851 1836 CRABBE.
2952 1767 3125 1836 822.

1045 1993 1525 2068 GILBERTUS
1557 1993 1863 2078 crabbo,
1905 1993 2365 2066 celeberrimo
2406 2013 2541 2086 per
2568 1994 2845 2068 Gallias
2878 1996 3193 2091 ingenio,
3238 1995 3665 2082 eruditione,
3708 1998 3835 2070 lin-

1035 2135 1208 2210 gua,
1233 2120 1308 2184 et
1331 2112 1644 2183 nomine.
1708 2110 1998 2182 Laudat
2023 2111 2419 2202 impensius
2444 2109 2818 2184 Arnoldus
2841 2109 3264 2184 Amedelius
3292 2113 3379 2184 de
3404 2111 3640 2197 Sonis,
3666 2112 3835 2187 Car·

1035 2229 1284 2302 melita
1317 2227 1858 2310 Condomensis,
1893 2225 1972 2297 in
2007 2223 2364 2318 Epistolis
2392 2226 2571 2299 suis.
2674 2225 2902 2301 Edita
2932 2236 3107 2298 sunt
3138 2225 3233 2299 ab
3268 2247 3395 2300 eo:

1334 2341 1842 2414 Terminorum
1879 2340 2272 2413 Moralium
2924 2343 3051 2415 lib.
3090 2361 3143 2413 1.

1338 2458 1496 2531 Pro
1527 2457 1864 2530 Pul-itate
1900 2457 2180 2530 Mariae
2936 2458 3067 2530 lib.
3102 2477 3139 2530 1

1333 2573 1458 2646 Ad
1490 2595 1659 2645 suos
1692 2571 2106 2665 Discipulos
2928 2575 3055 2647 lib.
3092 2592 3147 2645 1.

1129 2691 1338 2766 Obiit
1361 2687 1842 2786 Burdegnliae
1869 2711 2062 2762 anno
2083 2705 2365 2762 nnxx,
2456 2689 2635 2766 Fuit
2658 2690 3123 2786 provinciali·
3150 2691 3305 2764 ord.
3332 2690 3819 2768 Camelitani.

1739 2920 1818 2994 Β.
1864 2919 2437 2996 CUMENEUS
2482 2923 2843 2998 ALBUS.
2946 2929 3117 2998 ³2⁸.

1033 3159 1108 3232 S.
1163 3157 1634 3231 Cuiam-mus
1684 3154 1778 3228 ab
1827 3154 2086 3226 habitu
2133 3157 2453 3248 corporis
2504 3156 2741 3230 Albas
2796 3167 3119 3242 vocatur,
3172 3177 3373 3230 more
3426 3157 3535 3230 ini
3594 3161 3823 3232 seculo

1031 3272 1394 3356 familiari,
1453 3280 1543 3343 ut
1605 3271 2040 3356 Brandanus
2101 3268 2353 3365 Niger,
2412 3271 2703 3346 Ewaldi
2762 3271 3002 3345 Albus
3054 3281 3128 3344 et
3184 3271 3439 3370 Niger,
3496 3293 3688 3346 unus
3738 3297 3823 3348 ex

1029 3391 1288 3485 primis
1348 3387 1860 3460 Benedictinae
1909 3383 2227 3456 familiae
2274 3387 2355 3457 in
2404 3387 2644 3462 Scotia
2690 3389 3081 3472 monachis,
3132 3405 3225 3460 ex
3274 3389 3661 3462 bardorum
3706 3413 3824 3488 ge-

879 3525 886 3533 '
1030 3524 1246 3580 nere:
1307 3505 1574 3576 visitur
1639 3503 1706 3573 ei
1765 3503 1844 3573 in
1907 3500 2088 3572 Iona
2143 3502 2388 3574 insula
2442 3506 2780 3577 sacellum
2838 3523 3065 3597 prope
3120 3503 3581 3590 Oolumhkiu,
3634 3507 3822 3599 quod

1029 3629 1244 3718 putat
1289 3618 1654 3692 Henricus
1704 3616 2070 3689 Sinclarus
2121 3617 2294 3688 aede
2342 3621 2602 3715 majori
2652 3621 3022 3715 antiquius
3072 3643 3249 3706 esse,
3296 3623 3473 3714 quia
3516 3621 3671 3715 ipae
3714 3644 3820 3694 se-

1028 3760 1173 3810 nex
1203 3745 1390 3810 esset
1421 3735 1595 3806 dum
1631 3731 1704 3804 S.
1742 3732 2095 3805 Columba
2123 3734 2625 3828 ingrederetur
2656 3736 2993 3811 Scotiam.
3096 3736 3403 3829 Scripsit

1327 3852 1753 3924 Sanctorum
1791 3847 2291 3944 Genealogias,
2326 3871 2565 3934 versu,
3016 3852 3140 3924 lib.
3180 3869 3233 3922 1.

1122 3969 1516 4061 Depositus
1547 3973 1658 4036 est
1689 3987 1878 4036 anno
1913 3981 2178 4034 Dxcn.
2266 3962 2551 4036 Colitur
2586 3983 2697 4038 IV.
2730 3965 2971 4058 April.
3054 3966 3398 4040 Meminit
3420 3969 3651 4040 sancti
3683 3969 3821 4040 viri

1025 4084 1100 4157 8.
1131 4082 1606 4155 Adamannus
1641 4079 1898 4153 Scotus
1931 4081 2010 4151 in
2055 4078 2237 4152 Vita
2276 4079 2353 4152 S.
2388 4079 2779 4156 Columbae
2822 4083 2947 4156 lib.
2996 4099 3123 4154 111.
3168 4104 3323 4177 cap.
3374 4099 3481 4154 Π.
3574 4080 3821 4156 Vitam

1024 4200 1184 4295 ejus
1213 4198 1502 4292 scripsit
1533 4196 1606 4268 Β.
1639 4195 2112 4270 Everhardus
2143 4195 2365 4268 abbas
2398 4197 2477 4268 in
2512 4196 2783 4270 Holmo
2814 4197 3169 4271 Cultram.

1525 4423 2341 4501 CHRYSOSTOMUS
2388 4427 3035 4503 CAMBELLUS.
3138 4433 3309 4503 ³24.

1023 4665 1682 4741 catumeum
1745 4661 2066 4747 Cambel,
2131 4685 2263 4734 seu
2330 4661 2899 4754 Campusbellm,
2961 4659 3441 4744 Glaucumsia,
3506 4661 3821 4757 integer·

1019 4785 1246 4856 rimae
1325 4781 1542 4866 vitae,
1641 4800 1726 4853 ac
1801 4779 2243 4854 sanctissimi
2326 4778 2422 4850 D.
2508 4777 2870 4849 Francisci
2958 4777 3231 4850 ordinis
3312 4777 3451 4850 nub
3530 4777 3821 4849 nomine
