4384 5817
1091 533 1220 600 160
1859 535 2331 606 HISTORIA
2376 537 3125 606 ECCLESIASTICA

2029 841 2104 912 S.
2157 839 2657 914 CALANUS.
2762 845 2931 920 270.

1095 1071 1393 1144 CALAN
1403 1091 1498 1144 us
1531 1095 1622 1144 ex
1654 1072 2166 1146 vetustissimis
2200 1073 2341 1144 illis
2376 1071 2605 1144 Scotis
2638 1075 2766 1166 qui
2808 1074 3024 1146 rudes
3064 1075 3367 1166 populos
3412 1071 3626 1146 fidem
3676 1075 3883 1148 docn-

1093 1197 1325 1258 erunt.
1375 1187 1428 1258 J
1428 1211 1589 1261 oan.
1639 1187 1979 1260 Leslaeus
2021 1188 2146 1260 lib.
2187 1205 2311 1259 111.
2357 1209 2523 1282 pag.
2562 1205 2829 1260 cxxn.
2885 1187 3159 1262 Hector
3194 1187 3547 1262 Boethius
3598 1191 3723 1262 lib.
3764 1209 3875 1260 Ἦ.

1095 1301 1294 1374 Hist.
1330 1303 1518 1375 Scot.
1553 1326 1720 1400 pag.
1758 1322 1990 1378 XCIX.
2045 1313 2089 1347 ·‘
2124 1303 2329 1375 Inter
2364 1313 2725 1376 nostrates
2758 1306 3003 1376 eadem
3036 1303 3237 1376 fuere
3282 1312 3727 1396 tempestate,
3776 1329 3882 1377 sa-

1090 1440 1212 1488 cra
1243 1419 1568 1490 doctrina
1599 1421 1970 1510 pollentes,
2003 1417 2485 1511 Amphibalus
2526 1420 2853 1503 antistes,
2900 1417 3272 1502 Modocus,
3318 1417 3637 1502 Priscus,
3684 1419 3883 1492 Cala·

1089 1555 1253 1618 nus,
1315 1535 1702 1619 Ferranus,
1761 1533 2188 1617 Ambianus,
2238 1543 2311 1606 et
2356 1533 2742 1618 Carnocus,
2792 1533 2930 1606 Dei
2976 1536 3307 1619 cultores,
3352 1533 3609 1606 Culdei
3656 1535 3883 1626 prisca

1089 1658 1336 1720 nostra
1367 1651 1618 1745 lingua
1652 1651 1938 1745 vulgari
1981 1651 2179 1733 dicti,
2230 1648 2503 1720 Christi
2528 1648 2955 1722 -Servatoris
3004 1649 3405 1720 doctrinam
3452 1671 3701 1722 omnes
3746 1671 3880 1741 per

1089 1762 1464 1836 Scotorum
1497 1766 1824 1860 regiones
1859 1766 2364 1848 concionando,
2388 1766 2639 1836 multis
2664 1765 2945 1857 piisque
2978 1764 3359 1836 sudoribus
3384 1765 3881 1836 seminantes?

1088 1877 1376 1952 Nomen
1409 1881 1474 1952 ei
1507 1880 1836 1952 fortassis
1869 1903 1914 1950 a
1946 1881 2541 1976 gymnosophista
2570 1876 2696 1952 illo
2728 1879 3009 1962 celebri,
3044 1879 3171 1972 qui
3204 1877 3703 1950 Alexandrum
3726 1879 3880 1950 Ma-

1087 1995 1418 2066 cedonem
1455 2005 1742 2069 secutus
1771 2017 1993 2088 pyrae
2025 2017 2102 2066 se
2143 1995 2703 2067 comburendum
2750 1995 3024 2090 injecit,
3056 2004 3142 2067 ut
3186 1995 3641 2079 Plutarchus,
3674 1995 3879 2066 Arri-

1085 2131 1289 2194 anus,
1315 2109 1406 2191 Q.
1433 2109 1756 2194 Curtius,
1780 2119 1854 2182 et
1873 2111 1996 2182 alii
2029 2111 2397 2203 proditum
2434 2111 2921 2182 monumentis
2954 2112 3439 2203 reliquerunt;
3474 2121 3665 2182 certe
3688 2113 3874 2182 enim

1085 2225 1214 2296 diu
1264 2234 1431 2296 ante
1479 2224 1654 2296 haec
1697 2234 2023 2318 tempora
2063 2247 2270 2320 reges
2316 2227 2545 2298 nostri
2579 2217 3043 2320 antiquarum
3076 2226 3543 2299 historiarum
3576 2228 3873 2320 cogniti·

1086 2363 1292 2412 onem
1331 2343 1776 2424 invexerant,
1814 2350 1887 2413 et
1918 2339 2373 2412 familiaritas
2406 2363 2567 2412 cum
2603 2342 2831 2412 doctis
2880 2341 3317 2426 hominibus,
3372 2362 3417 2411 a
3468 2339 3877 2412 Ptolomaeo

1085 2477 1254 2552 rege
1287 2457 1380 2526 ad
1411 2457 1636 2528 situm
1667 2457 1984 2551 regionis
2015 2455 2533 2548 explorandum
2566 2457 2827 2538 missis,
2862 2465 3227 2530 contracta
3258 2455 3517 2527 fuerat.
3603 2453 3876 2526 Utcun-

1085 2595 1226 2664 que
1258 2595 1334 2645 se
1357 2596 1472 2645 res
1505 2573 1745 2656 habet,
1778 2581 1968 2644 certe
2000 2572 2315 2644 Calanus
2348 2575 2463 2644 vir
2496 2573 2916 2665 praecipuae
2947 2571 3407 2666 dignationis.
3512 2568 3813 2662 Scripsit

1381 2687 1742 2760 Humilias
1775 2689 1864 2760 (le
1897 2687 2182 2760 Sanctis
2971 2687 3095 2758 lib.
3132 2705 3185 2756 1.

1379 2802 1772 2874 Conciones
1807 2805 1900 2874 ad
1935 2803 2303 2896 Populum
2978 2802 3101 2874 lib.
3138 2818 3193 2872 1.

1183 2917 1523 2992 Florebat
1555 2938 1744 2990 anno
1777 2935 2070 2990 ccclNl
2080 2933 2170 2988 11.
2275 2918 2558 2992 Colitur
2590 2935 2898 2990 xxvm.
2936 2916 3287 2988 Novemb.

1989 3149 2062 3222 S.
2115 3147 2677 3222 CARNOCUS.
2780 3151 2947 3226 271.

1083 3379 1404 3452 EADEM
1438 3379 1882 3472 professione
1915 3389 1988 3451 et
2021 3381 2296 3453 virtute
2338 3380 2701 3452 Carnocus
2745 3379 3163 3463 habebatur,
3212 3380 3419 3473 cujus
3460 3381 3869 3452 memoriam

1082 3497 1296 3567 audio
1327 3497 1404 3566 in
1438 3495 1946 3566 Sutherlandia
1977 3507 2319 3588 tanquam
2357 3498 2735 3570 sanctitate
2761 3498 2955 3568 vitae
2986 3497 3159 3566 clari
3186 3497 3315 3568 diu
3338 3507 3869 3582 conservatam3

1084 3613 1238 3683 sive
1271 3613 1372 3686 ibi
1405 3612 1542 3682 loci
1584 3620 1822 3693 natus,
1869 3634 1998 3683 seu
2041 3613 2309 3684 sanctis
2352 3611 2599 3684 officiis
2640 3612 2933 3684 functus
2975 3620 3283 3695 tantum,
3334 3635 3467 3705 pro
3510 3622 3871 3705 comperto

1083 3751 1228 3800 non
1263 3727 1512 3799 habeo.
1615 3725 1899 3819 Scripta
1929 3727 2361 3800 interierunt
2392 3728 2737 3821 temporis
2770 3728 3060 3822 injuria.

1181 3844 1494 3916 Vivebat
1527 3864 1716 3914 anno
1749 3858 2140 3914 cchvnI.
2214 3841 2267 3912 J
2266 3865 2427 3914 oan.
2464 3843 2805 3916 Leslaeus
2837 3844 2991 3914 loco
3024 3844 3339 3915 laudato.
3414 3843 3698 3916 Colitur
3731 3861 3865 3914 XV.

1081 3958 1131 4030 J
1131 3961 1308 4032 unii.

2035 4156 2110 4228 S.
2163 4153 2669 4228 CELLACH.
2770 4159 2933 4234 272.

1081 4311 1156 4380 S.
1209 4308 1638 4392 CELLACH,
1697 4309 1852 4380 sive
1906 4306 2299 4388 Colleacus,
2356 4315 2485 4378 aut
2544 4305 2985 4388 Coellachus,
3046 4325 3137 4376 ex
3188 4327 3435 4378 eorum
3494 4304 3865 4376 Scotorum

1081 4425 1226 4497 fuit
1297 4447 1598 4496 numero
1668 4424 1796 4516 qui
1861 4421 2217 4518 evangelii
2284 4421 2557 4493 semina
2620 4421 2701 4492 in
2766 4418 3039 4516 Anglia
3102 4431 3543 4512 sparserunt,
3612 4423 3729 4490 vel
3790 4421 3867 4489 in

1083 4541 1404 4629 adultam
1448 4547 1758 4633 segetem
1815 4545 1890 4608 et
1948 4535 2209 4608 bonam
2258 4534 2539 4632 frugem
2598 4535 3024 4607 eduxerunt.
3128 4543 3175 4576 ‘⁸
3207 4534 3586 4618 Colachus,
3626 4557 3869 4607 mona-
4024 4551 4032 4560 ·

1083 4657 1258 4728 chus
1295 4654 1680 4737 Huensis,”
1722 4663 2023 4726 vocatur
2059 4660 2104 4693 ‘⁶
2140 4650 2577 4722 Merciorum
2619 4651 3029 4744 episcopus”
3073 4673 3119 4722 a
3158 4649 3515 4721 Trithem.
3573 4651 3697 4722 lib.
3756 4668 3862 4723 lv·

1085 4773 1172 4843 de
1219 4770 1554 4844 illustrib.
1615 4767 1816 4840 Viris
1868 4769 2122 4840 Ordin.
2185 4766 2261 4838 S.
2322 4767 2695 4840 Benedicti
2752 4787 2908 4860 cap.
2968 4783 3285 4838 CXLVII.
3349 4764 3867 4862 Episcopatum
