4384 5817
1361 587 1718 662 GENTIS
1744 585 2322 670 sommum,
2366 585 2549 656 LIB.
2594 585 2653 654 1.
3326 586 3415 650 53

622 800 706 855 ra
734 799 780 854 a
809 777 1100 854 Pitsseo
1127 787 1624 862 numerantur,
1654 777 1920 852 scilicet
1936 775 2299 874 ,subjecta-

917 893 1032 996 De
1061 891 1562 968 strivelhaensi
1595 891 1988 966 Obsidione
2581 891 2719 965 lib.
2756 909 2811 964 1.

915 1007 1030 1079 De
1061 1011 1290 1082 altero
1321 1006 1698 1080 Scotorum
1729 1005 1937 1080 Bello
2598 1007 2723 1080 lib.
2760 1025 2813 1080 1.

919 1121 1354 1196 orationum
1385 1121 1856 1216 synodalium
2594 1123 2720 1195 lib.
2758 1141 2811 1195 1.

914 1233 1029 1309 De
1059 1237 1284 1310 variis
1315 1235 1580 1308 Mundi
1603 1236 1938 1310 statibus
2594 1238 2721 1314 lib.
2758 1255 2839 1308 1.·

918 1350 1033 1426 De
1064 1350 1314 1425 Divite
1345 1360 1419 1424 et
1449 1351 1732 1424 Lazaro
2594 1352 2721 1424 lib.
2760 1370 2814 1425 1.

919 1467 1036 1540 De
1063 1466 1346 1540 Scotiae
1376 1465 1688 1540 Guerris.
1708 1467 1930 1540 variis
2594 1465 2721 1540 lib.
2758 1485 2812 1540 1.

912 1583 1026 1656 De
1056 1581 1522 1656 Sacerdotum
1552 1580 1900 1656 Luxus-iis
2592 1581 2719 1655 lib.
2756 1599 2813 1654 1.

911 1697 1410 1793 Epistolarum
1441 1698 1539 1770 sd
1565 1698 1886 1772 diversos
2596 1697 2723 1772 lib.
2758 1715 2815 1770 1.

893 1812 1188 1888 ,Contra
1215 1809 1538 1884 Artistss
2594 1813 2723 1886 lib.
2756 1829 2813 1885 1.

915 1927 1479 2025 Tragoediarum
1515 1936 1592 2000 et
1621 1925 2172 2000 Comoediarum
2208 1924 2497 2024 Anglic.
2590 1927 2715 2001 lib.
2754 1945 2813 2000 1.

913 2044 1342 2118 Poematum
1373 2051 1448 2114 et
1469 2040 2024 2136 Rbythmorum
2590 2043 2715 2115 lib.
2754 2061 2811 2116 1.

717 2160 1004 2234 Floruit
1031 2177 1226 2254 anno
1249 2173 1628 2244 mcccxv·
1679 2157 1780 2228 H.
1817 2157 2168 2230 Boethius
2202 2158 2327 2231 lib.
2364 2175 2543 2230 ΧΠ.
2590 2179 2755 2255 pag.
2790 2173 3055 2233 eccur.
3104 2158 3403 2234 Poema-

621 2278 716 2350 tis
760 2275 1216 2369 principium,
1261 2273 1388 2346 scd
1440 2273 1826 2346 admodum
1874 2272 2287 2357 barbarum,
2316 2274 2525 2365 ponit
2555 2273 2607 2344 J
2606 2295 2871 2346 oannes
2902 2273 3245 2348 Lcslaeus
3276 2275 3400 2348 lib.

623 2409 768 2466 vn.
798 2389 996 2462 Hist.
1017 2388 1210 2462 Scot-
1229 2409 1397 2486 pag.
1425 2404 1758 2460 cchvr.
1834 2385 2062 2459 Errat
2085 2387 2485 2460 scurriliter
2511 2387 2866 2474 Pitsaeus,
2888 2397 2977 2463 ut
3000 2391 3204 2474 solet,
3230 2389 3405 2462 dum

621 2527 788 2578 eum
819 2527 866 2576 a
894 2503 1220 2599 piissimo
1266 2523 1458 2598 rege,
1491 2514 1566 2575 et
1599 2501 2050 2574 ecclesiastici
2083 2501 2359 2574 ordinis
2391 2503 2995 2590 reverentissimo,
3026 2504 3405 2578 tormentis

623 2620 954 2694 adactum
984 2618 1236 2692 scribit
1266 2629 1354 2691 ut
1383 2617 1760 2692 Scotorum
1790 2616 2170 2690 victoriam
2201 2615 2609 2691 celebraret.

1659 2848 2137 2924 ALBINUs.
2240 2854 2360 2925 88.

617 3081 998 3156 Annuus
1077 3080 1451 3174 episcopus
1536 3079 1850 3154 Btechm'
1847 3081 2064 3164 ensis,
2103 3145 2108 3152 .
2145 3101 2315 3153 cum
2395 3081 2471 3152 S.
2560 3079 2943 3156 Malcolmo
3020 3081 3155 3158 IV.
3240 3103 3409 3184 rege

622 3197 987 3282 educatus,
1055 3195 1136 3267 in
1199 3197 1366 3276 aula
1429 3195 1882 3289 splendorem
1949 3195 2349 3268 stemmatis
2432 3195 2550 3266 sui
2586 3264 2591 3270 .
2632 3195 3031 3270 incredibili
3114 3199 3406 3292 pietatis

622 3321 697 3385 et
751 3311 1178 3408 prudentiae
1231 3311 1442 3382 laude
1491 3309 1988 3383 cohonestavit
2035 3319 2255 3403 atquc
2302 3309 2586 3394 extulit,
2635 3310 2715 3382 in
2764 3313 3139 3405 scripturis
3188 3316 3407 3388 sacris

621 3427 1066 3500 versatissim’
968 3426 986 3444 ‘
1065 3448 1176 3511 us,
1275 3437 1352 3498 et
1445 3425 1878 3500 seculiarium
1966 3425 2345 3500 literarum
2434 3425 2992 3521 haudquaquam
3082 3427 3400 3524 ignarus.

623 3539 925 3634 Scripsit
1057 3551 1060 3556 ’

629 3709 635 3715 -
919 3653 1112 3728 Acta
1142 3652 1218 3727 S.
1253 3653 1622 3728 Malcolmi
1651 3655 1876 3752 Regis
2600 3656 2726 3728 lib.
2763 3674 2821 3728 1.

918 3767 1036 3842 De
1067 3768 1572 3842 Translatione
1603 3770 1926 3865 ejusdcm
2598 3771 2723 3843 lib.
2762 3790 2815 3842 1.

919 3883 1154 3977 Super
1183 3905 1386 3956 sacra
1415 3883 1790 3977 Scriptura
2604 3885 2731 3959 lib.
2768 3903 2821 3958 1.

726 3999 932 4072 Obiit
963 4021 1154 4072 anno
1189 4015 1476 4071 moen.
1511 4001 1650 4084 vel,
1695 4008 1782 4073 ut
1825 3999 1950 4072 alii
1993 4021 2370 4092 perperam
2414 3999 2735 4085 tradunt,
2778 4021 2969 4074 anno
3008 4017 3411 4076 11chva

625 4116 818 4207 quod
849 4116 914 4186 si
947 4135 1198 4186 verum
1231 4123 1364 4198 cst,
1397 4135 1542 4189 non
1574 4116 1925 4210 potuisset
1955 4115 2032 4188 S.
2067 4115 2257 4210 Regi
2290 4113 2677 4188 Malcolmo
2719 4115 3137 4190 innotuisse.
3190 4117 3413 4192 Scoti-

599 4229 1008 4328 tchmnicon
1035 4229 1162 4304 lib.
1197 4247 1280 4302 x.
1315 4253 1472 4322 cap.
1505 4249 1718 4302 1111.

1501 4457 2321 4536 AMKEMBALDUS.
2423 4409 2583 4544 89(

636 4686 1320 4774 Annunsums,
1421 4637 1737 4786 regulari
1838 4651 2293 4765 observantia
2378 4645 2577 4786 apud
2682 4717 2853 4770 suos
2958 4694 3414 4778 clarissimus,

634 4803 1024 4877 monachus
1138 4803 1650 4880 Benedictinus
1749 4806 1834 4880 in
1938 4805 2195 4880 celebri
2300 4809 2737 4884 monasterio
2841 4807 3413 4892 Dumfermelini‚
