4384 5817
2382 540 2503 624 xii

1055 750 1340 837 Meras
1377 754 1854 866 saepissime
1900 780 2166 867 nugas
2215 748 2536 852 retulit,
2586 764 2677 837 et
2726 778 3065 866 operam
3100 754 3537 867 pueriliter
3572 756 3779 843 lusit
3800 758 3833 841 ε’

1055 909 1568 993 quocunque
1645 884 1936 969 ferunt
2009 884 2288 997 pedes,
2362 884 2807 995 scriptores
2892 884 3220 969 invenit
3294 884 3441 971 ille
3522 888 3829 971 Scotos.

1053 1010 1322 1095 Recte
1379 1012 1642 1123 igitur
1698 1014 1753 1097 J
1753 1016 2060 1099 acobus
2115 1014 2527 1097 Waraeus
2576 1012 2687 1095 de
2740 1012 3297 1123 Scriptoribus
3350 1016 3843 1115 Hiberniae,

1051 1168 1128 1251 p.
1177 1148 1358 1231 119.
1473 1154 1517 1193 ‘⁴
1557 1142 1663 1226 In
1701 1171 1950 1228 suum
1989 1144 2493 1255 scriptorum
2530 1140 2855 1225 Scotiae
2900 1140 3393 1254 catalogum,
3444 1170 3599 1257 pro
3646 1144 3832 1227 libi-

1054 1269 1254 1352 dine
1293 1298 1464 1371 sua,
1503 1270 1845 1384 Anglos,
1883 1270 2229 1373 Wallos,
2269 1294 2359 1356 et
2398 1272 2823 1355 Hibernos
2858 1270 3163 1382 passim
3200 1271 3521 1372 retulit,
3578 1284 3673 1357 et
3724 1274 3833 1356 ad

1051 1398 1551 1483 assertiones
1589 1428 1778 1485 suas
1815 1388 2289 1501 firmandas,
2326 1400 2581 1484 finxit
2614 1400 3087 1511 saepissime
3114 1400 3533 1513 authores,
3566 1404 3833 1514 opera,

1053 1526 1300 1627 locos,
1340 1540 1428 1612 et
1465 1537 1916 1641 tempora.”
2031 1530 2417 1615 Eandem
2474 1534 2659 1642 ejus
2706 1527 3149 1615 libidinem
3198 1558 3371 1615 non
3427 1558 3603 1615 uno
3652 1528 3839 1615 loco

1055 1657 1424 1739 coercuit
1475 1657 2048 1743 Hibernorum
2108 1658 2362 1769 longe
2409 1657 2961 1757 doctissimus,
3012 1658 3069 1741 J
3070 1656 3374 1745 acobus
3427 1660 3833 1759 Usseriua

1053 1777 1474 1869 mitissimi
1514 1783 2050 1901 caeteroquin
2089 1788 2219 1872 vir
2256 1788 2597 1899 ingenii.

1163 1914 1301 1999 De
1367 1916 1908 2027 scriptoribus
1985 1917 2495 2001 Britannicis
2560 1927 2759 2001 ante
2824 1918 3427 2029 Dempsterum
3486 1930 3831 2029 egerant

1053 2042 1450 2129 nonnulli
1487 2044 1982 2157 Anglorum,
2021 2059 2110 2131 et
2147 2046 2239 2130 in
2276 2046 2567 2158 primis
2606 2047 2661 2129 J
2662 2074 2975 2133 oannes
3014 2047 3465 2147 Lelandus,
3504 2047 3847 2158 elegam·

1051 2172 1290 2258 tioris
1325 2174 1454 2257 vir
1493 2176 2014 2277 eruditioniS,
2072 2189 2162 2261 et
2205 2175 2431 2261 inter
2480 2189 2861 2260 auctores
2911 2175 3509 2261 humaniorum
3558 2176 3835 2261 litera·

1053 2332 1242 2387 rum
1309 2306 1402 2389 in
1471 2305 1780 2417 Anglia
1841 2308 2581 2391 instaurandarum
2640 2302 2893 2416 plane
2951 2306 3417 2416 ponendus.
3572 2305 3833 2389 Hunc

1053 2446 1390 2518 secutus
1429 2446 1560 2517 est
1594 2434 1651 2517 J
1653 2462 1964 2519 oannes
2004 2435 2335 2533 Baleus
2372 2434 2629 2517 homo
2668 2434 2871 2517 item
2913 2433 3265 2545 Anglus,
3314 2436 3465 2519 sed
3516 2435 3835 2519 Ossori-

1053 2562 1272 2645 ensis
1309 2564 1538 2674 apud
1577 2565 2001 2649 Hibernos
2053 2564 2510 2675 episcopua,
2562 2564 2713 2675 qui
2770 2578 3179 2674 regnante
3230 2564 3505 2647 Maria
3558 2562 3831 2647 solum

1051 2702 1378 2775 vertere
1439 2706 1794 2793 coactus,
1861 2694 2210 2777 immani
2266 2693 2461 2775 odio
2516 2693 2605 2775 in
2658 2693 3019 2805 purioris
3070 2692 3497 2804 religionis
3553 2692 3833 2777 hostes

1049 2820 1300 2904 unice
1367 2820 1790 2933 flagrabat.
1912 2821 2397 2907 Praesulem
2447 2821 3019 2905 Ossoriensem
3081 2822 3411 2933 excepit
3464 2822 3521 2904 J
3522 2822 3831 2936 oannes

1052 2942 1406 3051 PitseuS,
1444 2952 1738 3035 doctor
1776 2944 2241 3063 theologuS,
2290 2965 2379 3035 et
2419 2950 3075 3035 Liverdunensis
3110 2950 3339 3063 apud
3378 2950 3831 3035 Lotharin-

951 3110 974 3125 ·
1049 3106 1198 3188 gos
1253 3080 1666 3164 decanus:
1730 3080 2086 3167 Baleum
2137 3110 2290 3165 suo
2341 3106 2574 3163 more
2628 3081 3027 3190 exagitat,
3078 3078 3553 3164 catholicos
3600 3079 3829 3163 omni

1049 3206 1304 3290 laude
1359 3208 1760 3309 cumulat,
1811 3222 1900 3295 et
1943 3210 2541 3295 commentaria
2598 3213 2780 3320 ejus
2836 3208 3087 3320 plena
3142 3221 3345 3291 sunt
3397 3206 3831 3293 futilitatis

1051 3364 1596 3448 summaeque
1670 3337 2056 3423 levitatis.
2200 3340 2514 3421 Parum
2590 3339 2830 3422 nobis
2904 3338 3443 3449 profecerunt
3508 3336 3599 3419 hi
3662 3350 3831 3421 tres

1049 3466 1106 3548 J
1109 3490 1474 3551 oannes:
1531 3466 1622 3550 in
1685 3470 2074 3551 omnibus
2135 3466 2531 3551 limatum
2580 3466 2997 3577 judicium
3054 3465 3646 3566 desideramus,
3704 3492 3835 3550 ea-

1051 3592 1416 3704 demque
1454 3594 1842 3677 omnibus
1881 3593 2154 3677 inanis
2189 3595 2299 3677 de
2336 3595 2609 3705 patria
2638 3596 3068 3707 jactantia.
3183 3594 3386 3679 Post
3422 3595 3599 3695 hos,
3651 3622 3829 3680 rem

1049 3718 1507 3806 literariam
1545 3742 1977 3833 aggressus
2017 3719 2589 3835 Dempsterus
2630 3724 2913 3807 omnia
2949 3724 3057 3807 ad
3102 3724 3477 3809 criticam
3534 3726 3833 3829 severiff-

1051 3860 1318 3933 tatem
1355 3851 1705 3933 minime
1742 3853 2045 3964 exegit,
2085 3852 2236 3935 sed
2272 3852 2547 3936 multa
2581 3852 2865 3937 futilia
2904 3853 3285 3965 undique
3314 3854 3704 3951 corrasit3
3744 3868 3833 3940 et

1053 3978 1226 4089 quo
1263 3976 1519 4061 fidem
1566 4006 1801 4061 suam
1857 3979 2341 4065 sacrificulis
2398 3982 2801 4067 Romanis
2856 3986 3270 4094 probaret,
3326 4010 3497 4067 non
3549 3984 3831 4094 potuit

1052 4134 1228 4191 non
1267 4105 1692 4217 religionis
1731 4120 1820 4191 et
1855 4105 2269 4193 liberta-tis
2308 4112 2681 4195 vindices
2716 4112 3187 4195 identidem
3224 4110 3557 4194 latrare.

1165 4232 1348 4316 Nec
1385 4244 1668 4317 tamen
1708 4260 1859 4317 sua
1896 4233 2146 4318 laude
2202 4236 2721 4325 fraudandus
2778 4253 2926 4325 est.
3044 4241 3177 4325 De
3230 4240 3578 4326 meliore
3632 4254 3836 4325 nota

1049 4360 1326 4447 multa
1375 4360 1809 4473 congessit,
1862 4363 1970 4447 de
2020 4364 2122 4448 iis
2171 4368 2660 4476 praesertim
2712 4371 3259 4481 scriptoribus
3316 4368 3489 4481 qui,
3540 4369 3831 4455 exules

1053 4490 1391 4603 patriae,
1429 4492 1868 4577 interiores
1907 4506 1994 4577 et
2031 4496 2499 4579 reconditas
2554 4496 2839 4582 literas
2896 4500 2986 4582 in
3044 4498 3487 4583 academiis
3546 4498 3832 4583 Gallo-

1053 4644 1269 4717 rum,
1307 4616 1891 4729 Italorumque
1929 4632 2017 4702 et
2061 4622 2697 4727 Germanorum,
2748 4656 2917 4712 non
2980 4630 3161 4712 sine
3207 4626 3475 4737 gloria
3529 4628 3833 4711 docue-

1055 4758 1281 4833 runt.
1371 4745 1572 4855 *Alii
1608 4745 1894 4857 literas
1928 4747 2487 4858 humaniores,
2516 4756 3149 4844 mathematicas
3174 4754 3657 4869 disciplinas
3682 4756 3827 4841 alii
