4384 5817
1018 525 1157 592 262
1786 525 2258 594 HISTORIA
2303 525 3057 598 ECCLESIASTICA

1026 719 1137 789 ad.
1168 721 1325 792 loca
1369 726 1616 790 sancta
1674 726 1751 789 et
1806 719 2061 790 limina
2108 721 2596 809 apostolorum
2648 717 3036 813 profectus,
3089 717 3400 794 Tolosae
3447 722 3826 810 substitit3

1024 859 1207 926 quae
1242 837 1440 921 urbs,
1480 857 1641 906 cum
1671 833 2089 906 Occitaniae
2106 835 2207 906 sit
2231 845 2468 928 caput,
2502 845 2576 907 et
2599 833 3180 930 wisigothorum
3203 839 3427 933 regia,
3451 837 3588 910 hac
3613 843 3824 914 iaude

1024 953 1483 1042 potissimum
1542 950 1967 1034 inclarescit,
2028 959 2117 1021 ut
2174 972 2340 1020 cum
2397 953 2678 1044 reliqua
2733 949 2994 1034 Gallia,
3063 953 3482 1026 calamitoso
3536 959 3826 1030 turbine

1022 1078 1203 1152 acta,
1236 1091 1367 1141 nec
1400 1078 1657 1161 sponte
1688 1089 1843 1151 sua,
1872 1067 2271 1138 haereticos
2299 1067 2714 1140 orthodoxis
2749 1067 3111 1141 admixtos
3145 1067 3430 1154 habeat,
3463 1092 3548 1142 ac
3573 1076 3824 1146 saltem

1020 1185 1240 1280 regiis
1274 1184 1527 1256 edictis
1562 1193 1806 1256 coacta
1837 1183 2215 1266 sustineat,
2253 1181 2578 1255 Palladia
2609 1184 2782 1256 haec
2815 1183 3016 1270 urbs,
3054 1183 3330 1256 Brenni
3369 1188 3598 1272 sedes,
3645 1193 3827 1262 alter

1020 1299 1423 1372 Galliarum
1484 1301 1753 1384 oculus,
1804 1308 1880 1370 et
1930 1309 2221 1372 senatus
2271 1301 2476 1382 alter,
2527 1320 2898 1394 nunquam
2950 1299 3424 1373 heterodoxos
3475 1303 3823 1388 habitare,

1018 1417 1159 1509 piis
1218 1417 1537 1488 coetibus
1586 1417 1871 1488 misceri
1916 1416 2169 1487 voluit.
2273 1414 2365 1488 In
2415 1416 2550 1486 hac
2597 1415 3081 1488 scientiarum*
3113 1418 3407 1490 alumna
3455 1428 3531 1492 et
3581 1425 3828 1496 altrice

1020 1543 1266 1605 noster
1314 1533 1433 1605 hic
1480 1532 1859 1615 residebat,
1912 1541 2197 1604 creatus
2245 1530 2788 1604 archidiaconus
2838 1530 2912 1604 S.
2971 1531 3216 1604 Petri:
3274 1557 3438 1606 cum
3489 1538 3825 1613 haeretici

1019 1648 1343 1732 Arriani,
1390 1649 1545 1720 sive
1578 1643 1747 1718 boni
1792 1643 2133 1732 hmines,
2184 1658 2269 1721 ut
2319 1670 2396 1720 se
2443 1647 2653 1741 impii
2705 1648 3078 1734 vocabant,
3133 1647 3446 1726 Girardo
3493 1653 3826 1728 Albiensi

1020 1767 1351 1858 episcopo
1386 1765 1837 1848 sisterentur,
1870 1764 1947 1836 in
1982 1787 2426 1838 assessorum
2457 1785 2842 1836 numerum
2887 1765 3154 1836 eximio
3195 1769 3458 1840 merito
3491 1767 3682 1842 Ellis
3719 1783 3828 1843 est

1018 1891 1369 1975 receptus,
1474 1880 1731 1974 Itaque
1764 1903 1979 1954 eausa
2012 1882 2431 1974 disceptata,
2481 1881 2656 1952 mali
2699 1881 2810 1952 illi
2843 1880 3172 1952 homines
3205 1881 3298 1954 ab
3329 1885 3625 1957 ecclesia
3657 1899 3825 1958 aunt

1016 1998 1426 2092 proscripti,
1460 2020 1621 2070 cum
1658 1981 1839 2070 duce
1871 2020 2003 2070 suo
2029 1997 2302 2091 perfido
2327 1996 2697 2080 Oliveri03
2733 2005 2808 2068 et
2829 1997 3069 2068 nescio
3100 1994 3286 2090 [quo
3303 1998 3552 2095 pacto]
3583 2014 3826 2076 noster

1017 2115 1137 2186 hic
1196 2115 1275 2187 in
1329 2138 1414 2186 eo
1466 2115 1763 2187 consilio
1815 2112 2264 2212 Agathensis
2323 2112 2866 2186 archidiaconus
2927 2113 3353 2198 subscribat,
3415 2117 3558 2189 nisi
3619 2118 3827 2203 forte,

1022 2230 1195 2323 quia
1229 2238 1387 2302 tum
1422 2231 1713 2303 demum
1746 2229 2086 2328 Agathae
2118 2231 2362 2302 sedem
2394 2230 2712 2324 elegerit.
2815 2226 3122 2320 Scripsit
3157 2229 3432 2302 editum

1315 2347 1590 2420 Contra
1623 2346 2031 2420 oliverium
2066 2344 2466 2418 Arrianum
3117 2344 3243 2417 lib.
3281 2364 3332 2417 1.

1317 2465 1467 2537 Pro
1498 2463 1957 2536 Auctoritate
1988 2463 2368 2555 utriusque
2402 2459 2852 2532 Testamenti
3117 2461 3242 2532 lib.
3283 2479 3334 2534 1.

1314 2579 1439 2652 Ad
1472 2578 1879 2652 Gilbertum
1914 2577 2478 2674 Lugdunensem
2510 2575 2954 2670 Episcopum
3103 2575 3228 2650 lib.
3267 2597 3320 2649 1.
3367 2599 3556 2672 quae
3589 2583 3827 2653 omnia

1418 2698 1497 2768 in
1532 2717 1867 2788 processu
1900 2703 2212 2768 exstant.

1122 2814 1407 2887 claruit
1440 2835 1629 2886 anno
1666 2829 1783 2884 Mc
1792 2797 2023 2884 nxv1.

1956 3042 2045 3115 Β.
2099 3037 2627 3114 EDMERUS.
2728 3048 2897 3115 484.

1020 3281 1112 3354 B.
1150 3282 1591 3364 EDMERUS,
1625 3301 1717 3351 ex
1748 3278 1845 3350 D.
1879 3259 2286 3374 Augustini
2321 3274 2832 3348 cantuariensi
2865 3274 3206 3350 coenobio
3239 3286 3629 3360 extractus,
3679 3280 3825 3370 epi-

1020 3421 1279 3493 scopus
1302 3397 1379 3470 S.
1399 3396 1737 3470 Andreae
1762 3405 2239 3477 consecratus,
2267 3400 2436 3464 ante
2460 3415 2732 3464 annum
2757 3391 3168 3466 absolutum
3193 3393 3286 3466 ad
3311 3395 3826 3466 monasterium

1020 3517 1258 3598 rediit,
1292 3513 1621 3587 abdicato
1652 3508 2097 3604 pontificatu.
2201 3506 2468 3606 Roget.
2505 3510 2596 3580 de
2631 3509 2982 3584 Hoveden
3027 3517 3218 3611 part.
3257 3527 3310 3580 1.
3344 3507 3614 3582 Annal.
3661 3531 3824 3606 pag.

1024 3653 1437 3708 ccnxxm.
1538 3631 1845 3724 Scripsit

1323 3751 1727 3825 Historiam
1762 3765 2119 3818 novorum
2150 3745 2232 3814 in
2264 3739 2538 3836 Anglia
2902 3739 3030 3812 lib.
3067 3759 3122 3813 1.
3175 3739 3602 3814 Holinshed.

1320 3868 1571 3940 Vitam
1604 3863 1679 3936 S.
1715 3861 2047 3936 Anselmi
2913 3856 3041 3930 lib.
3079 3875 3132 3930 1.

1324 3984 1655 4076 Depositi
1690 3980 2173 4074 Episcopatus
2207 3974 2558 4048 Rationes
2911 3974 3036 4048 lib.
3073 3993 3126 4046 1.

1328 4099 1689 4172 Homilias
1722 4119 1961 4168 sacras
2916 4089 3040 4161 lib.
3079 4109 3132 4160 1.

1326 4216 1693 4309 Epistolas
1726 4212 1819 4284 ad
1853 4210 2410 4284 Cantuarienses
2906 4205 3032 4276 lib.
3072 4225 3127 4278 1.

1327 4333 1451 4406 Ad
1484 4351 1689 4404 suam
1724 4327 2125 4400 Ecclesiam
2919 4323 3044 4394 lib.
3083 4341 3136 4394 1.

1126 4453 1409 4528 Claruit
1472 4447 1611 4522 sub
1666 4443 2087 4516 Alexandro
2154 4441 2216 4514 1.
2295 4450 2367 4513 et
2433 4439 2716 4514 Davide
2774 4437 2835 4510 1.
2903 4436 3184 4512 Scotiae
3249 4439 3566 4534 regibus,
3639 4462 3828 4511 anno

1030 4587 1333 4644 Mcxm.
1438 4565 1629 4638 Aliis
1662 4561 2069 4636 Eadmerus
2103 4567 2426 4632 vocatur.
