4384 5817
1276 543 1630 614 GENTIS
1675 541 2237 624 ScoTORUM,
2280 541 2467 612 LIB.·
2507 544 2563 612 1.
3236 541 3325 608 48

821 735 912 808 In
943 733 1429 830 Evangelium
1461 735 1820 808 Matthaei
2336 733 2461 805 lib.
2499 749 2624 803 111.

623 853 828 926 Obiit
859 851 1170 924 triennio
1193 858 1361 922 ante
1385 849 1800 934 Alcuinnm‚
1825 849 1962 922 hoc
1985 859 2116 934 est,
2141 871 2331 922 anno
2358 849 2611 920 salutis
2639 863 2873 918 1)000.
2904 847 3021 918 vel
3046 861 3313 918 Decel.

529 967 972 1040 Trithemius
1021 969 1176 1038 loco
1221 966 1536 1038 laudato.
1657 964 1952 1038 Scotum
1983 987 2241 1060 genere
2286 972 2495 1036 vocat
2536 985 2702 1034 eum
2744 961 3087 1034 Nicolaus
3130 960 3193 1033 1.
3236 962 3316 1031 in

525 1081 856 1177 Epistola
901 1083 996 1155 ad
1045 1081 1384 1154 Carolum
1433 1080 1834 1165 Gaesarem,
1888 1081 2082 1173 quod
2130 1089 2375 1152 tamen
2422 1079 2691 1150 mirum
2748 1087 2861 1150 est
2914 1076 3315 1150 rescindere

525 1198 782 1270 audere
806 1197 858 1268 J
858 1219 1164 1270 oannem
1189 1194 1581 1280 Pitsaeum,
1606 1195 1992 1268 barbarum
2015 1197 2289 1290 lingua,
2323 1193 2779 1285 antiquitatis
2802 1193 3037 1266 omnis
3058 1193 3316 1264 rudem

527 1313 666 1384 nisi
696 1334 914 1404 quam
947 1335 994 1384 a
1025 1309 1294 1382 Balaeo
1335 1318 1664 1403 apostata
1705 1309 1978 1382 didicit.
2081 1309 2201 1382 Sic
2246 1310 2441 1382 bulla
2484 1308 2915 1382 sanctissimi
2958 1307 3315 1400 pontificis

527 1427 740 1500 habet
761 1448 786 1498 ι
819 1437 864 1472 “
889 1425 1204 1510 Quidam
1233 1426 1348 1496 vir
1369 1423 1421 1494 J
1421 1445 1708 1509 oannes,
1741 1424 1996 1498 Scotus
2029 1424 2368 1522 genere.’'
2436 1423 2559 1496 Ad
2584 1425 2759 1496 haec
2784 1424 3115 1496 Pitsaeus
3148 1446 3315 1520 pag.

529 1559 880 1616 evaln.
915 1551 962 1584 ‘⁶
989 1541 1282 1614 Scotum
1307 1563 1398 1612 ex
1422 1540 1730 1612 aliorum
1754 1543 2100 1615 relatione
2124 1541 2399 1613 voeat.”
2474 1539 2689 1612 Unde
2710 1541 2847 1612 hoc
2870 1537 3098 1635 Angli
3124 1541 3318 1610 colli·

527 1659 696 1754 gitis
715 1657 750 1728 Ρ
789 1655 908 1729 Sic
930 1666 1196 1728 temere
1218 1653 1546 1748 pontifex
1571 1664 1992 1728 coaetaneus
2014 1657 2214 1748 loqui
2238 1656 2487 1729 debuit
2506 1655 2542 1724 Ρ
2578 1656 2681 1727 sic
2712 1655 2857 1727 labi
2889 1655 2983 1727 ad
3012 1657 3318 1748 impera-
3400 1641 3409 1648 ’

530 1783 756 1846 torem
803 1771 1120 1844 scribens
1172 1769 1626 1842 beatissimus
1677 1769 1878 1842 Petri
1927 1793 2291 1844 successor
2340 1771 2573 1843 voluit
2597 1770 2633 1839 Ρ
2736 1770 2941 1844 Haec
2998 1769 3319 1844 Thomas

529 1887 1002 1978 Dempsterus
1035 1887 1256 1958 nollet
1289 1885 1504 1957 dicta.

1373 2111 2244 2188 AETHELBERTUS.
2323 2113 2467 2188 -65,

527 2349 726 2420 DUM
777 2348 884 2420 illi
935 2349 1016 2419 in
1062 2345 1300 2418 Gallia
1345 2356 1440 2418 et.
1469 2345 1686 2420 Italia
1731 2347 2099 2430 ecclesiam
2145 2347 2481 2441 gnaviter
2538 2348 2948 2434 tuebantur,
3008 2373 3319 2446 suaeque

525 2463 726 2560 genti
749 2463 1052 2558 gloriam
1076 2462 1728 2534 immarcessibilem
1755 2462 2287 2555 comparabant,
2312 2483 2459 2536 non
2492 2466 2783 2561 segnius
2808 2465 3317 2540 Aethelbertus

528 2581 604 2650 in
635 2576 912 2672 Anglia
942 2578 1218 2648 strenui
1251 2576 1600 2648 antistitis
1633 2585 1708 2648 et
1737 2577 1842 2669 pii
1887 2585 2128 2669 partes
2171 2579 2615 2666 sustinebam
2668 2602 2839 2654 nam
2881 2583 3324 2675 incompara-

529 2693 656 2764 bili
707 2693 1108 2772 eruditione
1151 2693 1384 2763 clarus
1429 2692 1522 2763 ad
1553 2712 1722 2763 suos
1764 2691 1934 2762 inde
1978 2693 2217 2777 rediit,
2264 2702 2337 2765 et
2380 2693 2745 2768 candidae
2788 2695 3015 2776 Casae
3058 2699 3325 2790 episco-

529 2815 706 2902 patu
735 2807 1180 2880 honestatus.
1255 2805 1562 2899 Scripsit
1593 2806 1732 2878 sub
1763 2807 2004 2881 Leone
2039 2805 2180 2879 ΙΙΙ.
2217 2807 2571 2900 pontifice,
2596 2805 2845 2884 habita
2858 2812 3017 2907 jam
3052 2811 3325 2884 Romae

529 2923 828 3018 synodo,

827 3038 1098 3112 Contra
1128 3037 1456 3112 Alifandi
1492 3037 1826 3111 Toletani
1861 3037 2168 3111 Eri-ores
2358 3039 2484 3112 lib.
2522 3057 2631 3112 Π.

547 3155 934 3238 Quando
965 3154 1244 3238 obierit,
1278 3175 1426 3226 non
1457 3153 1934 3247 deprehendi:
1990 3164 2068 3226 at
2099 3155 2475 3248 episcopus
2506 3156 3005 3304 inauguratus,
3038 3169 3113 3232 et
3144 3168 3325 3231 teste

533 3271 900 3344 Florentio
932 3270 1452 3367 wigorniensi,
1486 3289 1678 3342 anno
1713 3287 1947 3342 Dece.

1575 3502 2056 3580 ALEXIUS.
2159 3499 2277 3576 66.

536 3735 945 3816 ALExlUS,
981 3731 1056 3804 S.
1091 3735 1422 3806 ecclcsiae
1466 3734 1836 3808 Romanae
1869 3736 2276 3820 cardinalis,
2313 3745 2388 3809 et
2421 3745 2469 3780 ‘⁶
2500 3735 2781 3809 Scotiae
2825 3733 3173 3832 legatus‚”
3224 3737 3327 3808 ait

537 3869 938 3942 anonymus
1002 3846 1396 3944 Augiensis
1455 3851 1844 3924 monachus
1901 3853 1981 3922 in
2038 3849 2214 3922 Vita
2273 3849 2347 3922 S.
2407 3850 2783 3925 Laurentii
2842 3874 2996 3944 cap.
3059 3869 3324 3925 xxxv·
3364 3924 3371 3932 ,
3422 3927 3429 3935 ,

537 3964 791 4035 edidit-

833 4077 1026 4151 Acta
1057 4078 1476 4175 Legationis
1509 4103 1680 4154 suae
2420 4083 2544 4155 lib.
2583 4101 2635 4153 1.

835 4193 1204 4288 Epistulas
1238 4196 1329 4267 ad
1364 4194 1722 4268 Ecclesias
1754 4196 2068 4269 Scoticas
2420 4197 2547 4269 lib.
2586 4215 2639 4268 1.

590 4307 979 4382 Florebat
1011 4329 1202 4382 anno
1237 4327 1597 4382 MCLxxl.
1633 4321 1763 4383 aut
1794 4312 2097 4384 circiter.
2200 4311 2355 4386 Alii
2398 4316 2654 4384 volunt
2698 4335 2743 4382 a
2785 4267 3151 4386 Clemente
3186 4311 3328 4384 111.

533 4433 858 4496 creatum
941 4422 1372 4496 cardinalem
1455 4447 1647 4498 anno
1733 4428 2735 4500 uchxxvl11.1v.idus
2820 4427 3127 4501 Martias
3192 4431 3331 4502 sub

537 4540 755 4724 gimo
804 4537 878 4610 S.
931 4537 1214 4612 Nicolai
1263 4541 1342 4611 in
1391 4539 1690 4614 Carcere
1739 4539 2100 4626 Tulliano,
2151 4553 2227 4616 et
2274 4549 2524 4638 postea
2572 4544 2709 4617 sub
2756 4544 2971 4616 titulo
3028 4543 3330 4617 Sanctae

591 4675 930 4727 usannae.
