4384 5817
1330 570 1690 644 GENTIS
1732 570 2300 654 scoTORUM‚
2347 571 2532 643 LIB.
2575 571 2699 641 vl.
3291 577 3425 648 295

612 768 1015 864 porrigens,
1051 773 1097 810 ‘⁶
1122 763 1249 838 En
1282 767 1378 839 do
1408 767 1735 860 panem,”
1768 765 2033 860 inquit,
2063 775 2113 810 ‘⁸
2134 774 2225 840 ut
2245 787 2620 860 nunquam
2645 766 3024 862 episcopus
3045 763 3240 851 fias‚'’
3273 789 3424 840 ma-

610 907 787 956 num
825 885 1135 956 retraxit
1166 907 1375 978 puer,
1424 906 1517 954 ne
1566 907 1651 955 ea
1698 886 1857 980 lege
1906 905 2169 977 panem
2218 882 2590 976 acciperet,
2642 883 2838 977 quod
2886 884 2966 955 in
3014 882 3422 956 sanctitatis

610 1023 820 1073 omen
862 1010 1257 1094 acceptum,
1301 1023 1473 1072 nam
1506 1001 1805 1073 ancillae
1836 1000 2175 1073 dominus
2208 1001 2274 1071 ei
2309 999 2814 1094 quotidianum
2863 1000 3060 1073 domi
3105 1023 3300 1086 snae,
3347 1009 3420 1072 et

609 1126 1038 1210 perpetuum
1087 1117 1359 1189 victum
1408 1117 1942 1210 suppeditavit:
1992 1125 2066 1188 et
2115 1117 2254 1188 hoc
2301 1138 2474 1188 sane
2524 1117 2814 1188 videtur
2869 1114 3264 1189 Hirlandos
3313 1116 3422 1189 in-

608 1233 921 1318 duxisse,
958 1241 1068 1317 ut,
1102 1233 1277 1328 quia
1310 1256 1477 1306 eum
1514 1234 1953 1306 mendicasse
1997 1243 2516 1326 compererant,
2567 1254 2785 1305 suum
2824 1232 3162 1317 facerent,
3213 1234 3422 1328 quasi

606 1351 783 1443 quia
844 1371 1093 1422 omnes
1162 1350 1505 1422 Hirlandi
1572 1351 2005 1434 mendicant,
2071 1371 2319 1423 omnes
2387 1349 2516 1442 qui
2576 1348 3009 1433 mendicent,
3079 1346 3420 1421 Hirlandi

608 1467 761 1538 sint
786 1489 809 1536 ε
874 1475 951 1538 et
999 1467 1219 1540 velim
1268 1489 1313 1538 a
1364 1483 1443 1538 V.
1497 1484 1625 1538 01..
1680 1465 1954 1560 Campo
2012 1466 2220 1551 scire,
2271 1485 2438 1537 cum
2489 1473 2642 1536 tam
2687 1465 3120 1558 paupertina
3179 1465 3421 1536 condi-

609 1584 808 1655 tione
837 1605 1007 1656 enm
1036 1581 1264 1656 fuisse
1296 1593 1599 1668 constet,
1646 1584 2007 1676 quomodo
2048 1590 2268 1678 gente
2316 1579 2696 1654 Scotorum
2747 1578 3170 1653 Placentina
3217 1590 3422 1654 ortus

610 1701 727 1784 sit,
762 1721 950 1792 quae
981 1721 1264 1792 semper
1293 1701 1553 1794 primo,
1584 1721 1734 1772 non
1764 1699 2165 1772 nobilitatis
2199 1700 2434 1770 solum
2469 1698 2598 1770 sed
2629 1705 2704 1769 et
2735 1717 2981 1790 opum,
3016 1697 3250 1794 gradu
3295 1697 3425 1770 ha-

610 1814 777 1887 bita.
880 1812 1025 1888 Sed
1056 1813 1236 1888 haec
1265 1837 1357 1886 ex
1393 1813 1651 1909 Campi
1701 1814 2033 1888 Historia
2072 1815 2278 1888 brevi
2319 1814 2595 1888 edenda
2638 1812 2848 1886 facile
2897 1815 3188 1887 discam.
3297 1811 3424 1886 Ad

612 1931 885 2022 scripta
916 1931 1157 2016 venio,
1189 1953 1375 2024 qnae
1404 1953 1537 2024 per
1566 1932 2110 2005 ornatissimum
2149 1932 2394 2004 virum
2441 1940 2518 2003 et
2558 1931 2775 2027 longe
2805 1929 3218 2024 piissimum
3253 1930 3422 2004 Pla-

607 2047 847 2120 centia
876 2047 1140 2141 accepi,
1175 2047 1273 2120 R.
1308 2047 1397 2120 P.
1435 2047 1847 2120 Bassanum
1880 2047 2210 2133 Guttam,
2246 2046 2862 2142 Hieronymianae
2893 2045 3148 2121 Eremi
3173 2069 3423 2120 mona-

604 2164 843 2249 chum,
876 2165 1005 2259 qui
1038 2165 1401 2240 suavitate
1432 2186 1743 2249 morum,
1779 2174 1855 2236 et
1890 2165 2280 2261 omnigena
2300 2165 2708 2248 literatura,
2738 2173 2814 2236 et
2835 2161 3186 2236 familiam
3215 2185 3421 2236 suam

604 2279 962 2365 nobilitat,
996 2291 1071 2354 et
1103 2280 1467 2353 Thomam
1501 2281 2017 2374 Dempsterum
2048 2280 2390 2354 devincit.
2493 2279 2684 2353 Sunt
2719 2288 2970 2354 autem
2999 2301 3130 2354 ea:
3185 2331 3192 2338 -

906 2395 1289 2472 Sermones
1322 2400 1416 2471 ad
1452 2397 1817 2493 Populum
1848 2398 2023 2470 dicti
2405 2397 2534 2470 lib.
2570 2415 2626 2470 1.
2677 2395 2840 2470 MS.
2875 2396 2969 2469 ad
3001 2396 3424 2470 Dominica-

1001 2537 1135 2588 nos
1186 2514 1669 2601 Placentinos,
1722 2515 1849 2588 sed
1897 2513 2105 2587 aiunt
2154 2513 2610 2606 deperditos3
2662 2512 2934 2587 librum
2993 2523 3238 2587 tamen
3298 2514 3423 2586 de·

998 2633 1251 2706 scribit
1304 2649 1385 2705 V.
1446 2648 1576 2704 ct..
1638 2629 2002 2725 Campus3
2071 2631 2153 2702 in
2209 2639 2493 2726 quarto,
2553 2630 2820 2725 inquit,
2877 2638 3088 2704 erant
3139 2630 3417 2724 scripti,

1002 2749 1427 2822 membrana
1458 2748 1927 2823 columnatim
1976 2747 2236 2832 divisa,
2286 2746 2382 2818 ad
2428 2746 3011 2844 magnitudinem
3059 2747 3421 2820 dimidiati

1008 2865 1401 2938 Breviarii.

902 2981 981 3054 H
983 2983 1272 3055 omiliae
1316 2985 1410 3056 ad
1455 2981 1751 3056 Clerum
1798 2980 2302 3056 Placentinum
2349 2979 2658 3055 diversis
2707 2979 3074 3054 occasione
3121 2990 3196 3054 et
3243 2987 3423 3052 tem·

1004 3121 1181 3195 pore
1216 3100 1561 3174 recitatae
1978 3100 2105 3171 lib.
2141 3117 2197 3170 1.
2230 3099 2499 3193 partim
2535 3096 2712 3169 dum
2745 3106 2933 3170 esset
2965 3097 3418 3191 praepositus

1009 3217 1086 3289 S.
1122 3215 1598 3312 Euphemiae‚
1629 3215 1901 3309 partim
1933 3216 2107 3287 dum
2142 3215 2551 3288 canonicus.
2955 3245 2960 3248 ·

901 3332 1028 3407 Ad
1062 3334 1311 3407 Socios
1346 3333 1649 3406 Parisiis
1681 3334 1761 3404 in
1794 3333 1909 3404 die
1946 3331 2323 3404 Paschatis
2699 3331 2826 3404 lib.
2865 3349 2920 3402 1.

899 3448 1017 3523 Ad
1059 3451 1357 3524 Fratres
1389 3473 1559 3524 suos
1592 3471 1757 3522 cum
1791 3449 2123 3521 rediisset
2156 3471 2198 3519 e
2230 3445 2492 3519 Schola
2697 3448 2826 3520 lib.
2864 3465 2918 3519 1.

702 3566 925 3640 Anno
958 3585 1217 3641 Mccx.
1254 3578 1538 3640 creatus
1572 3576 1685 3639 est
1726 3565 2098 3662 episcopus
2133 3562 2585 3636 Placentiae:
2642 3562 2912 3638 viderit
2959 3559 3417 3636 Fitz-Simon

606 3675 1029 3770 Hirlandus,
1088 3707 1239 3779 qua
1294 3683 1591 3780 ignavia
1647 3705 1817 3756 eum
1872 3684 2194 3776 primum
2241 3678 2652 3753 Placentiae
2705 3681 3120 3775 episcopum
3169 3679 3412 3764 faciat,

602 3811 731 3873 aut
762 3801 936 3893 quia
966 3801 1406 3872 mendicasse
1436 3800 1728 3897 legitur,
1766 3797 2175 3872 Hibernum
2209 3819 2340 3870 cur
2371 3796 2569 3869 facit.
2681 3796 3112 3870 Translatus
3164 3799 3258 3870 ad
3305 3819 3419 3869 ca·

602 3916 933 3988 thedram
992 3916 1449 3989 Ticinensem
1510 3937 1703 3989 anno
1758 3933 2145 3988 Mccxvn.
2198 3914 2566 4008 depositus
2618 3923 2730 3985 est
2779 3936 2968 3986 anno
3024 3931 3411 3987 MCCXXX.

603 4031 894 4106 Colitur
924 4032 1043 4105 die
1079 4049 1322 4105 xxvl.
1363 4032 1621 4105 Octob.
1722 4031 2334 4128 Martyrologium
2366 4028 2800 4114 Romanum,
2835 4038 2911 4102 et
2941 4031 3216 4103 laudati
3250 4052 3418 4103 auc-

608 4160 825 4224 tores.
928 4147 1229 4222 Sacrnm
1262 4171 1525 4242 corpus
1560 4158 1671 4222 est
1706 4147 1969 4220 Ticini.

698 4265 854 4338 Nec
885 4265 1249 4338 immerito
1276 4263 1679 4338 Gulielmus
1706 4263 2103 4360 Duglasius
2136 4262 2379 4337 Scotia
2408 4285 2740 4360 egressus
2765 4265 2845 4338 in
2871 4263 3162 4336 Italiam
3186 4262 3412 4350 venit,

597 4392 685 4456 ut
716 4383 991 4455 dictum
1022 4381 1379 4473 superius,
1416 4403 1771 4474 suumque
1797 4380 2230 4466 Placentiae,
2265 4403 2356 4454 ex
2379 4381 2761 4476 antiquiss.
2798 4380 3055 4454 Italiae
3087 4381 3413 4467 urbibus,

598 4498 1041 4572 domicilium
1086 4496 1688 4591 fortunarumque
1740 4519 2037 4569 suarum
2080 4499 2320 4571 sedem
2365 4495 2549 4581 fixit,
2593 4520 2894 4593 eamque
2938 4498 3244 4592 posteris
3287 4519 3415 4590 pa-

599 4616 821 4687 triam
852 4613 1294 4699 destinavit3
1347 4635 1493 4707 qua
1526 4634 1617 4683 ex
1659 4613 1840 4686 urbe
1882 4623 2082 4686 ortae
2114 4624 2288 4687 sunt
2321 4622 2433 4687 tot
2464 4623 2759 4710 tamque
2799 4617 3118 4688 illustres
3166 4610 3414 4686 Scoto-

596 4753 762 4802 rum
811 4728 1154 4814 familiae‚
1206 4739 1295 4802 ut
1340 4730 1627 4802 circiter
1674 4730 1914 4802 decem
1974 4740 2048 4800 et
2096 4731 2410 4823 amplius
2467 4753 2660 4803 nunc
2707 4751 3084 4802 numerare
3132 4727 3406 4812 libeat3

596 4869 781 4942 quae
838 4847 1242 4920 innumeris
1308 4867 1532 4940 prope
1598 4855 1672 4920 et
1740 4847 2049 4945 egregiis
2108 4848 2406 4920 coelitus
2464 4856 2677 4920 aucta
2741 4845 3142 4941 privilegiis
3215 4841 3410 4918 efflo-

1930 4969 1975 5036 2
2011 4979 2065 5034 R
