4384 5817
1926 493 2077 581 xiii

602 708 1459 825 jurisprudentiemve
1492 708 1887 809 colentes,
1923 706 2265 794 laudem
2303 705 2538 791 h'aud
2572 708 3076 797 mediocrem
3103 707 3388 819 adepti

610 840 861 936 sunt}
918 838 1425 950 professores
1489 837 1625 923 vel
1690 839 1945 923 etiam
2004 834 2630 947 gymnasiorum
2696 835 3115 949 praesides
3188 846 3393 917 sunt

609 968 833 1067 facti,
870 995 1351 1079 nomenque
1388 968 1811 1053 Scoticum
1848 965 2021 1050 late
2046 991 2198 1075 per
2228 966 2514 1050 orbem
2545 976 2960 1049 terrarum
2988 992 3390 1078 propaga-

608 1107 835 1179 runt.
950 1095 1306 1183 Viderat
1342 1098 1521 1209 ipse
1570 1098 2125 1207 Dempsterus
2177 1090 2514 1192 multos,
2565 1122 2928 1205 quorum
2977 1093 3390 1193 111011111111,ο

608 1225 1095 1324 secerdotes,
1132 1226 1657 1337 professores
1693 1224 2029 1323 milites,
2068 1234 2155 1306 et
2183 1222 2616 1307 interdum
2643 1251 2916 1307 mores
2944 1222 3389 1323 hominum

606 1365 869 1437 notat.
980 1354 1147 1439 Sed
1180 1355 1543 1439 maxime
1578 1352 1859 1455 elucet
1894 1350 2264 1437 narratio
2301 1352 2628 1462 ejusde
2667 1350 2889 1445 tristi
2929 1352 3391 1445 Hakersto-

606 1482 697 1565 ni
733 1482 935 1582 fatos
970 1482 1145 1593 qui,
1180 1496 1273 1567 et
1307 1481 1553 1567 miles
1588 1482 1830 1567 fortis
1854 1493 1956 1565 et
1990 1481 2118 1563 vir
2156 1480 2562 1579 eruditus·
2595 1489 2914 1565 turmas
2945 1480 3036 1563 in
3065 1480 3386 1579 Suevia,

604 1608 906 1709 Gallia,
941 1639 1037 1695 30
1074 1610 1371 1722 Belgio
1406 1613 1635 1697 'varia
1671 1612 2015 1711 fortuna
2051 1610 2432 1709 duxerat,
2471 1610 2620 1693 sed
2657 1610 3000 1696 tandem
3029 1608 3385 1709 Comitis

606 1737 997 1823 Boduelii
1034 1752 1315 1851 partes
1352 1744 1647 1824 contra
1670 1740 1725 1823 J
1728 1768 2088 1825 oannem
2120 1738 2688 1823 Metellanum
2715 1752 3076 1839 secutus,
3105 1740 3216 1823 ad
3243 1768 3387 1824 ex-

608 1870 963 1953 tremam
996 1867 1367 1979 inopiam
1404 1880 1535 1955 est
1571 1868 1981 1955 redactus,
2098 1866 2404 1979 Neque
2439 1868 2600 1969 hic,
2637 1869 2709 1952 si
2746 1880 3120 1953 mentem
3149 1880 3388 1987 tuam

604 1994 992 2081 mortalia
1026 2000 1419 2108 tangunt,
1464 2008 1563 2083 tu
1600 1999 2049 2109 gravabere
2085 1995 2533 2115 paululum
2571 1998 2888 2107 intueri
2929 2008 3104 2081 tam
3141 1998 3388 2085 mise-

606 2148 783 2211 ram
824 2128 1108 2209 rerum
1145 2125 1789 2212 conversionem.
1902 2136 1951 2217 ,66
1988 2127 2318 2211 Tantus
2356 2127 2500 2209 vir·
2519 2153 2790 2237 nuper
2819 2126 3131 2211 dicitur
3161 2124 3386 2211 Lon-

606 2254 789 2339 dini
855 2254 1137 2339 inedia
1192 2255 1559 2367 periisse,
1625 2255 1803 2342 fato
1852 2254 2088 2339 haud
2144 2254 2402 2341 dubie
2461 2253 2610 2338 illa
2668 2252 2954 2341 indole
3011 2255 3383 2365 indigno·

608 2384 782 2467 Sub
805 2410 1135 2469 annum
1173 2386 1505 2468 uncxv.
1544 2385 1873 2469 obviam
1909 2372 2120 2469 milii
2159 2384 2433 2469 factus
2487 2382 2744 2497 paulo
2798 2394 3000 2469 ante
3057 2384 3384 2481 obitum

607 2512 716 2597 ad
778 2513 1025 2597 aedes
1090 2513 1359 2623 regias
1418 2512 2167 2611 westmonasterii,
2229 2541 2447 2624 quae
2499 2510 2992 2605 Cardinalis
3065 2512 3384 2599 Vollsei

606 2640 977 2741 fuerunt,
1034 2644 1401 2752 cumque
1460 2641 1805 2725 nomine
1862 2641 2201 2753 proprio
2261 2638 2832 2753 appellassem‚
2893 2654 3230 2727 tantum
3291 2644 3385 2729 in

607 2770 914 2855 vestitu
950 2768 1449 2881 squalorem,
1486 2782 1577 2855 et
1612 2770 1701 2854 in
1740 2768 1987 2856 vultu
2026 2771 2379 2863 maciem
2417 2770 2830 2871 misertuS,
2868 2770 3016 2857 ille
3051 2774 3164 2857 ad
3197 2801 3382 2859 me:

608 2910 631 2949 6
670 2899 905 2992 Quid
957 2900 1205 2999 facis?
1264 2899 1571 3011 inquit,
1637 2911 1660 2948 6
1708 2898 1868 2999 1110,
1925 2898 2156 2984 coelo
2213 2896 2558 3011 soloque
2609 2900 2883 2984 Musis
2939 2912 3029 2985 et
3083 2902 3384 2987 virtuti

600 3030 968 3113 auersis?
1074 3030 1503 3141 Heuficge
1536 3030 1893 3115 crudeles
1932 3043 2218 3129 terras,
2227 3030 2446 3141 fuge
2483 3030 2710 3123 littus
2745 3037 3136 3115 avarum?
3197 3056 3202 3059 ·
3241 3031 3389 3117 Ins-
3453 3106 3470 3119 .

603 3171 737 3241 ter
770 3157 981 3243 haec
1015 3158 1108 3240 et
1142 3155 1447 3243 similia
1480 3159 2015 3269 pervenimus
2052 3158 2162 3241 ad.
2197 3158 2252 3241 J
2252 3174 2510 3243 anum
2539 3158 3022 3269 geminum;
3071 3186 3386 3248 merea-

606 3298 889 3369 torum
927 3314 1027 3369 ea
1060 3286 1335 3385 static,
1372 3286 1491 3370 ibi
1530 3287 1877 3397 quidem
1914 3287 2362 3377 cambium
2389 3286 2646 3386 dicta,
2685 3316 2736 3401 3
2763 3272 3032 3371 Gallis
3059 3288 3380 3387 Bursa:

600 3415 973 3499 instante
1017 3415 1369 3501 meridie
1418 3416 1525 3499 ad
1572 3415 2023 3525 prandium
2075 3415 2153 3499 ei
2216 3415 2579 3515 condixi,
2627 3417 2774 3499 sed
2819 3415 2965 3499 ille
3015 3415 3238 3501 laeto
3295 3432 3384 3503 et

602 3544 1007 3630 renitenti
1050 3542 1323 3644 vultu,
1374 3556 1399 3595 6
1430 3544 2073 3647 Conditionem,’
2129 3543 2437 3654 inquit,
2488 3553 2511 3592 6
2547 3545 2920 3655 accipere
2971 3572 3144 3627 non
3195 3574 3382 3657 pos-

602 3700 810 3772 sum,
870 3678 1163 3757 teneor
1225 3672 1459 3757 enim
1488 3680 2039 3761 'sacramento
2102 3670 2426 3755 nullius
2485 3700 2864 3785 unquam
2928 3673 3093 3755 nisi
3153 3701 3379 3759 meas

602 3829 927 3887 mensas
966 3802 1445 3897 aditurum3
1514 3802 1664 3893 sed
1710 3802 1781 3885 si
1829 3829 2001 3885 non
2054 3800 2216 3884 erit
2271 3800 2427 3883 tibi
2484 3800 2934 3913 ingratum,
2977 3801 3376 3914 hospitio-

490 3948 497 3957 ·
600 3929 781 4015 lum
830 3936 1115 4015 meum
1168 3931 1260 4015 in
1311 3930 1617 4015 vicinia
1664 3940 1815 4031 est,
1874 3958 2069 4040 qu0,
2112 3930 2183 4013 si
2233 3926 2530 4041 placet,
2587 3932 3184 4015 concedamus?
3300 3934 3378 4019 E

600 4060 953 4169 vestigio
990 4058 1239 4143 illum
1268 4070 1629 4157 secutus,
1669 4058 2053 4145 venimus
2089 4059 2180 4143 in
2219 4060 2754 4169 gurgustium
2805 4059 3236 4163 illiberale,
3289 4078 3378 4147 et

588 4189 776 4299 -ipse
812 4188 1027 4273 mihi
1062 4186 1355 4273 sellam
1392 4186 1805 4289 humilem
1842 4199 1930 4271 et
1965 4186 2502 4272 stramineam
2541 4189 2936 4299 porrexit,
2975 4201 3084 4289 et,
3121 4202 3224 4273 ut
3253 4217 3378 4275 se·-

596 4318 909 4417 derem‚
945 4315 1381 4413 invitavit3
1448 4316 1627 4427 ipse
1650 4317 1825 4401 'sibi
1861 4316 2194 4401 cadurci
2249 4316 2718 4401 titubantis·
2737 4346 2834 4403 ac
2881 4316 3102 4401 male
3150 4318 3375 4402 firmi

598 4446 1005 4557 spondam
1039 4445 1508 4558 assumpsit,
1547 4456 1735 4529 tum
1770 4446 1881 4529 ad
1917 4472 2053 4529 me
2090 4456 2434 4556 stupore
2482 4445 2860 4531 defixum
2909 4468 3373 4548 conversus,

602 4586 625 4626 6
660 4574 897 4661 Haec
924 4603 1111 4661 mea
1138 4582 1385 4674 sunt?
1424 4575 1728 4685 inquit,
1767 4587 1790 4624 6
1816 4586 1905 4659 et
1940 4584 2071 4659 est
2096 4573 2258 4660 ista
2297 4574 2532 4659 sedes
2570 4574 2989 4660 senectuti
3023 4588 3112 4660 et-
3149 4575 3376 4660 hisce

598 4704 824 4831 cenis
860 4713 1277 4795 reservate
1306 4710 1363 4805 ε’,
1402 4703 1867 4815 ,explicavit
1901 4703 2214 4797 deinde
2251 4704 2602 4811 mantile
2641 4705 3072 4807 rusticum,
3123 4734 3246 4825 ac·
3269 4732 3374 4790 ex
