4384 5817
1292 501 1651 571 GENTIS
1700 493 2266 576 SCOTORUM,
2313 494 2494 562 LIB.
2542 489 2665 558 VI.
3265 486 3396 550 283

879 695 1348 788 Prophetiam
1381 693 1470 764 de
1506 693 1763 788 Regno
1797 691 2144 763 Franciae
2562 686 2689 759 lib.
2729 705 2782 758 1.
2884 685 3175 777 Cratep.

882 811 1261 883 Sermones
1296 811 1385 880 ad
1423 809 1717 880 Clerum
1750 830 1961 880 suum
2565 806 2688 877 lib.
2729 823 2784 876 Ι.
2885 803 3166 875 Surius.

882 928 1125 1000 Multa
1162 927 1371 998 utilia
1405 923 1789 996 Ecclesiae.
1896 925 2225 996 MalmeS.

682 1045 964 1118 Claruit
989 1067 1179 1116 anno
1207 1059 1601 1113 DCCLXIV.
1680 1041 1965 1112 Colitur
1986 1059 2230 1112 xv111.
2253 1039 2303 1110 J
2305 1041 2459 1112 ulii.
2549 1041 2823 1111 Molan.
2861 1040 3056 1131 apud
3080 1037 3383 1110 Baroni·

586 1185 708 1234 um
744 1165 823 1234 in
859 1160 1385 1254 Martyrologio
1420 1157 1633 1228 Rom.
1722 1157 1977 1228 Surius
2013 1172 2187 1230 tom.
2229 1175 2341 1229 IV.
2426 1156 2728 1228 Annum
2763 1158 2830 1227 ei
2865 1157 3236 1252 assignant
3263 1156 3386 1226 alii

586 1295 1139 1350 Dcccxxxnx.
1193 1275 1385 1368 quod
1428 1275 1583 1347 fieri
1636 1275 1763 1345 vix
1808 1282 2067 1367 potest,
2114 1295 2282 1344 nam
2331 1277 2394 1344 si
2443 1295 2664 1365 nepos
2716 1272 2791 1344 S.
2843 1271 3200 1345 Bonifacii
3253 1281 3383 1356 est,

585 1405 669 1466 ut
700 1396 997 1478 dictum,
1031 1403 1105 1464 et
1140 1394 1258 1463 hic
1290 1413 1545 1484 passus
1580 1393 1677 1462 sit
1711 1413 1902 1462 anno
1938 1408 2233 1462 DCCLV.
2289 1399 2504 1462 erunt
2550 1393 2742 1462 inter
2784 1391 2993 1460 illum
3041 1401 3115 1461 et
3158 1413 3384 1461 avun-

586 1514 827 1582 culum
881 1511 1053 1581 anni
1107 1525 1409 1579 xxclu.
1470 1519 1545 1580 et
1593 1531 1724 1579 nec
1776 1506 2196 1579 Bonifacius
2251 1529 2384 1578 nec
2441 1507 2852 1578 Fridericus
2904 1509 3138 1578 multo
3185 1509 3384 1578 senio
3482 1571 3490 1574 ,,

582 1629 973 1721 depositae,
1032 1637 1118 1698 ut
1174 1647 1265 1694 ex
1324 1626 1504 1696 actis
1559 1631 1857 1718 apparet
1910 1625 2047 1696 sub
2105 1647 2377 1696 annum
2443 1641 2878 1694 Mcccmtn.
2933 1625 3049 1694 die
3098 1642 3378 1695 xxnx.

581 1744 630 1814 J
630 1746 785 1816 ulii.
893 1742 1307 1824 Folckerus,
1344 1743 1719 1834 episcopus
1756 1740 2077 1834 Trajecti
2112 1741 2449 1826 vicariuS,
2485 1749 2704 1832 caput
2735 1763 2780 1811 a
2811 1762 3108 1833 corpore
3141 1741 3382 1812 abstu-

582 1863 690 1945 lit,
744 1883 925 1932 auro
972 1866 1047 1930 et
1100 1873 1404 1954 argento
1452 1858 1769 1928 inclusit.
1882 1857 2086 1928 Idem
2138 1879 2544 1952 anonymus
2595 1854 2970 1940 Surianus,
3017 1859 3144 1950 qui
3193 1860 3380 1929 male

582 1977 960 2050 Frisonem
999 1985 1229 2048 vocat.

1500 2207 1572 2278 s,
1628 2191 2185 2280 FURSAEUS.
2291 2213 2460 2288 517.

580 2445 651 2516 S.
690 2445 1125 2515 FURSAEUS
1160 2442 1436 2525 ScotnS,
1472 2465 1619 2514 non
1654 2441 2047 2526 Hiberum,
2101 2445 2270 2515 licet
2302 2467 2392 2515 ex
2431 2443 2784 2516 Hibernia
2833 2467 2997 2517 cum
3049 2449 3257 2520 sociis
3302 2450 3378 2518 in

577 2561 887 2654 patriam
923 2559 1201 2629 venisse
1236 2559 1614 2631 scribatur.
1717 2557 1909 2630 Vide
1942 2582 2127 2652 quae
2171 2561 2333 2631 fuse
2367 2583 2591 2654 supra
2635 2562 2714 2631 in
2766 2562 2839 2634 S.
2895 2563 3224 2636 Foillano
3273 2567 3381 2636 di·-

578 2693 693 2750 cta
748 2685 945 2748 sunt.
1048 2674 1391 2747 Camden.
1452 2677 1531 2747 in
1585 2676 1866 2747 Suffolk
1918 2699 2083 2772 pag.
2122 2695 2547 2750 CCCvan.
2605 2688 2648 2722 ‘⁶
2684 2677 2776 2750 In
2830 2679 3378 2777 Cnobersburge

576 2795 939 2865 Farsaeus
964 2792 1220 2864 Scotus
1246 2792 1765 2864 monasterium
1791 2795 2220 2866 exstruxit.”
2294 2793 2517 2867 Vides
2544 2797 2981 2868 haereticum
3017 2798 3383 2871 interdum

576 2919 861 2982 sanctos
928 2907 1067 2979 Dei
1135 2930 1300 2978 cum
1369 2909 1773 2979 reverentia
1838 2912 2286 3002 compellare.
2389 2910 2968 3008 cognomentum
3027 2913 3092 2984 ei
3153 2911 3384 2988 Pere-

566 3022 863 3122 grinus,
920 3023 1463 3116 habebaturque
1531 3024 1807 3094 ordinis
1866 3025 1941 3096 S.
2002 3026 2378 3100 Benedicti
2439 3029 2646 3121 quasi
2704 3050 2937 3100 novus
2991 3031 3082 3102 iis
3141 3032 3222 3102 in
3273 3055 3383 3104 re·-

577 3143 911 3236 gionibus
976 3139 1343 3222 fundator,
1409 3162 1557 3210 non
1622 3141 1837 3212 modo
1895 3152 2360 3215 restaurator.
2472 3144 2588 3216 Jo.
2649 3144 3004 3217 Trithem.
3066 3147 3190 3218 lib.
3251 3165 3373 3220 111.

574 3260 663 3330 de
693 3257 855 3331 Vir.
889 3260 1151 3330 illustr.
1190 3256 1367 3328 Ord.
1406 3256 1479 3328 S.
1517 3255 1893 3330 Benedicti
1944 3280 2098 3350 cap.
2137 3277 2494 3333 Lxxxvl.
2595 3261 2669 3331 A
2703 3261 3109 3335 Clodovaeo
3153 3223 3434 3336 Fran-⁰

577 3397 823 3447 corum
888 3397 1059 3470 rege
1124 3373 1643 3444 humanissime
1721 3385 2084 3467 exceptus,
2167 3377 2588 3448 coenobium
2657 3376 3138 3464 Latiniacum,
3223 3387 3381 3455 vul-

574 3515 670 3588 go
701 3493 914 3564 hodie
948 3487 1281 3586 Laigny,
1317 3490 1701 3561 exstruxit.
1805 3490 2123 3584 Aymon.
2161 3493 2488 3564 monach.
2526 3494 2649 3565 lib.
2689 3511 2742 3564 1.
2798 3493 2995 3567 Hist.
3034 3494 3378 3573 Francor.

575 3632 728 3702 cap.
790 3613 1037 3680 xv111.
1143 3608 1393 3680 Vitam
1451 3607 1609 3701 ejus
1664 3617 1737 3677 et
1792 3609 2147 3679 sociorum
2200 3610 2565 3700 promittit
2620 3609 2826 3682 Beda
2880 3613 3004 3684 lib.
3061 3631 3183 3686 111.
3236 3615 3378 3689 Ec-

574 3727 877 3798 clesiast.
918 3724 1114 3795 Hist.
1149 3723 1461 3819 Anglor.
1499 3745 1652 3814 cap.
1692 3742 1873 3794 xlx.
1926 3725 2051 3794 sed
2100 3747 2185 3794 ea
2233 3728 2351 3796 vel
2397 3746 2544 3796 non
2588 3727 2880 3819 prodiit,
2927 3731 3044 3800 vel
3076 3733 3377 3806 interiit.

580 3839 752 3913 Alia
812 3849 943 3925 est,
995 3863 1213 3934 quam
1269 3843 1526 3911 recitat
1574 3839 1831 3911 Surius
1878 3851 2054 3911 tom.
2109 3858 2162 3910 1.
2215 3840 2330 3912 die
2381 3860 2558 3914 ΧΠ.
2608 3844 2660 3914 J
2660 3868 2909 3916 anuar.
3014 3847 3104 3918 In
3155 3853 3384 3943 epito-

576 3979 740 4028 men
807 3958 1085 4052 redegit
1148 3958 1510 4028 Francisc.
1577 3955 1930 4040 Haraeus,
1998 3979 2145 4050 quo
2211 3957 2326 4028 die
2392 3962 2686 4031 ecclesia
2741 3963 2899 4056 ejsss
2960 3969 3380 4040 memoriam

573 4073 845 4146 recolit.
948 4071 1427 4169 Martyrolog.
1482 4073 1790 4146 Roman.
1844 4083 1889 4115 “
1925 4073 2015 4145 In
2066 4078 2500 4147 monasterio
2547 4075 2868 4151 Peronae
2901 4079 2974 4152 S.
3013 4081 3378 4168 Fursaei.”

578 4189 842 4262 Petrus
894 4188 1301 4262 Galesinius
1352 4193 1891 4281 protonotarius
1943 4191 2023 4260 in
2074 4190 2601 4288 Martyrologio
2651 4215 2824 4268 suo:
2883 4205 2928 4238 “
2964 4197 3070 4269 In.
3094 4198 3384 4277 Parona

572 4306 1009 4379 monasterio
1042 4304 1171 4377 SS.
1206 4306 1508 4377 Fursaei
1542 4303 1987 4389 confessoris,
2025 4308 2371 4392 Floriani,
2407 4317 2482 4380 et
2515 4310 2792 4396 Ultani,
2839 4312 3152 4388 fratrum
3199 4321 3378 4415 ejus,

571 4445 881 4516 quorum
914 4431 1158 4494 sancte
1190 4433 1395 4517 gesta
1426 4423 1619 4514 apud
1654 4420 1929 4493 Bedam
1964 4425 2201 4494 sunt.’'
2303 4425 2828 4502 Monasterium
2862 4433 2998 4504 hoc
3031 4431 3378 4523 Parrona,

580 4538 919 4623 Perrona,
954 4537 1261 4622 parona,
1295 4549 1370 4610 et
1404 4537 1709 4620 Perona,
1753 4538 1966 4609 hodie
1998 4539 2172 4610 urbs
2209 4539 2486 4613 Galliae
2519 4547 3004 4622 munitissima
3037 4552 3114 4622 in
3151 4552 3379 4625 Mori-

573 4655 689 4726 nis
755 4654 849 4725 ad
916 4653 1152 4750 Belgii
1220 4653 1631 4738 confinium,
1700 4677 1864 4748 cum
1931 4655 2202 4752 insigni
2273 4659 2649 4756 collegiata
2721 4665 3030 4750 ecclesia,
3091 4669 3166 4739 in
3231 4694 3380 4764 qua

574 4769 787 4842 hodie
853 4769 1171 4842 illustres
1236 4773 1567 4842 nonnulli
1629 4769 1847 4854 Scoti,
1912 4769 2387 4861 Gallovidius,
2454 4776 2852 4866 Chrestius,
2918 4781 3372 4873 Finlasonus,
