4384 5817
1030 523 1115 594 ’70
1798 515 2270 588 HISTORIA
2313 511 3070 585 ECCLESIASTIQA

1036 715 1171 800 xit,
1208 713 1403 808 quod
1447 712 1677 784 multa
1720 731 1941 804 opera
1978 707 2117 780 sub
2160 707 2410 778 eodem
2461 706 2676 780 titulo
2723 713 3030 798 uterque
3071 703 3578 798 composuerit,
3625 713 3712 776 ut
3753 726 3842 775 ex

1040 831 1195 902 vita
1236 829 1362 900 illa
1408 827 1701 900 laudata
1748 823 1997 917 liquet.
2100 821 2210 897 Et
2249 826 2496 894 noster
2538 821 2834 916 quidem
2875 820 3166 916 scripsit
3207 819 3610 903 innumera,
3663 841 3842 914 quae

1039 945 1232 1038 apud
1264 943 1691 1016 Sabellicum
1724 951 1799 1012 et
1816 939 2392 1014 volaterranum
2427 939 2601 1009 locis
2633 936 2848 1009 dictio
2881 937 3290 1021 videantur,
3321 934 3692 1028 publicata
3729 957 3840 1008 ve-
3977 1021 3980 1026 ,

1040 1081 1125 1131 ro
1164 1075 1314 1131 uno
1356 1067 1677 1150 tempore
1720 1055 2039 1139 fuerunt,
2084 1063 2169 1127 ut
2215 1073 2308 1125 ex
2352 1039 2716 1148 Polydoro
2745 1051 3062 1148 Virgilio
3093 1051 3260 1124 libr.
3299 1067 3412 1124 xv.
3461 1048 3664 1124 nint.
3696 1049 3844 1124 An-

1040 1176 1207 1272 glic.
1240 1175 1629 1269 colligitur,
1662 1172 2151 1264 extabantque
2180 1171 2262 1241 in
2295 1167 2518 1240 Maia.
2629 1165 2864 1240 Index
2897 1166 3062 1240 loci.

1342 1285 1753 1386 [Historia]
1790 1284 2298 1358 Ecclesiastiea
2327 1281 2584 1356 Gentis
2617 1279 3030 1380 Anglorum
3131 1282 3260 1356 lib.
3295 1299 3373 1354 v,

1338 1403 1431 1476 In
1461 1401 1653 1475 Acta
1683 1401 2204 1496 Apostolorum
3143 1397 3270 1470 lib.
3307 1415 3363 1472 1.

1340 1518 1431 1591 In
1466 1515 1949 1614 Evangelium
1986 1513 2218 1586 Marci
2681 1573 2692 1580 .
3141 1513 3268 1586 lib.
3305 1530 3359 1585 1.

1336 1631 1451 1704 De
1486 1631 1967 1725 Temporibus
3144 1628 3270 1702 lib.
3309 1647 3364 1700 1.

1344 1747 1711 1819 Homiliae
3139 1743 3265 1818 lib.
3299 1761 3356 1816 -ι,
3425 1747 3438 1754 ’

1344 1861 1437 1934 In
1469 1879 1617 1934 vn.
1648 1859 2021 1956 Epistulas
2052 1857 2458 1932 canonieus
3139 1859 3264 1932 lib.
3303 1875 3356 1932 1.

1344 1977 1437 2050 In
1467 1975 1987 2071 Apocalypsim
2979 2031 2988 2040 .
3137 1973 3264 2046 lib.
3300 1991 3422 2046 111.

1343 2093 1435 2166 In
1469 2091 1806 2176 Genesim
2807 2148 2815 2157 .
3141 2089 3266 2162 lib.
3304 2096 3358 2162 ί.

1342 2209 1435 2282 In
1466 2209 1615 2282 vil.
1648 2208 1873 2280 libros
1905 2205 2198 2303 Regum
2381 2267 2390 2276 .
3143 2203 3268 2279 lib.
3305 2223 3358 2278 1.

1145 2323 1299 2400 Ista
1330 2345 1505 2399 vero
1534 2322 2027 2414 manuscripta
2057 2329 2311 2394 extant
2343 2319 2616 2393 Oxonii
2653 2331 2728 2394 et
2759 2319 3318 2420 cantabrigiae:
3469 2311 3486 2326 “

1348 2439 1441 2512 In
1472 2439 1815 2530 Exodum
1848 2459 1897 2508 a
1926 2459 2081 2530 αφ.
2116 2453 2359 2511 xXIV.
2393 2437 2486 2509 ad
2523 2453 2736 2510 xxx.

1343 2555 1458 2627 De
1490 2553 1797 2646 Templo
1830 2549 2234 2624 Salomonis
3143 2550 3270 2625 lib.
3303 2569 3358 2625 1.

1348 2669 1465 2742 De
1484 2667 1763 2765 Figura
1786 2667 2246 2751 Uteneiliunu
2265 2665 2652 2752 Vesorum,
2668 2677 2748 2741 et
2762 2665 3120 2754 Vectium,
3144 2668 3272 2740 lib.
3305 2685 3360 2739 1.

1347 2785 1442 2858 In
1476 2784 1965 2880 Evangelium
1994 2781 2240 2856 Lucae
3141 2783 3266 2856 lib.
3302 2800 3414 2856 vl.
3453 2833 3462 2846 .

1346 2900 1927 2974 Retraetationee
1956 2899 2037 2969 in
2070 2895 2262 2969 Acta
2292 2895 2817 2990 Apostolorum
3142 2899 3267 2972 lib.
3303 2917 3358 2972 1.

1342 3017 1795 3090 Collectanea
1820 3020 1917 3086 ex
1950 3011 2024 3085 S.
2062 3011 2508 3109 Augustino.

1146 3135 1337 3209 Vide
1366 3135 1583 3226 plura
1616 3130 1813 3224 apud
1842 3128 1895 3201 J
1894 3149 2202 3202 oannem
2235 3127 2608 3200 Pitsaeum
2641 3133 2878 3201 aetate
2909 3147 3092 3202 v111.

1152 3247 1359 3322 Obiit
1390 3267 1581 3320 anno
1614 3247 1873 3320 aetatis
1902 3246 2298 3318 secundum
2331 3245 2682 3337 quosdam
2715 3261 2989 3317 Lxxn.
3035 3245 3196 3318 alfia
3239 3244 3466 3342 ufique
3497 3249 3589 3321 ad
3625 3264 3842 3322 κων.

1050 3387 1323 3440 annum
1381 3385 1543 3437 eum
1605 3363 1873 3434 vixisse
1928 3359 2391 3446 testantibus
2451 3361 2646 3454 quod
2703 3361 3170 3453 probabilius.
3269 3359 3426 3436 Nee
3481 3363 3719 3437 minor
3771 3365 3848 3436 in

1046 3485 1219 3556 anni
1250 3479 1763 3574 supputatione
1794 3474 2200 3566 difficultas·
2301 3475 2717 3574 sigebertus
2749 3475 2974 3550 refert
3017 3478 3097 3549 in
3141 3499 3412 3551 annum
3447 3495 3844 3552 nccxxx1.

1044 3599 1227 3671 falso
1300 3617 1497 3669 sane.
1596 3592 1881 3666 Auctor
1952 3595 2147 3666 vitae
2221 3593 2450 3686 ipsius
2523 3613 2708 3686 quae
2763 3593 3052 3686 scriptis
3081 3595 3598 3688 praeponitur,
3651 3617 3852 3680 :anno

1046 3729 1515 3787 nccxxxnr.
1560 3711 1691 3782 sed
1740 3709 1983 3782 verius
2032 3717 2143 3782 eet
2190 3709 2460 3780 vixisse
2509 3727 2675 3780 eum
2725 3707 2818 3780 ad
2865 3731 3138 3782 annum
3189 3713 3404 3783 salut.
3456 3725 3849 3784 Dchxvs.

1049 3827 1451 3900 ut·erudite
1482 3825 1759 3920 colligit
1788 3823 2053 3896 Caesar
2099 3823 2462 3896 Batonius
2507 3831 2700 3895 tom..
2724 3839 2842 3895 lx.
2887 3823 3158 3900 Annal.
3207 3849 3376 3926 pag.
3423 3843 3587 3899 cvl.
3640 3836 3715 3899 et
3761 3825 3850 3914 ad

1050 3959 1323 4014 xxvn.
1360 3939 1543 4012 Maii
1577 3942 1657 4010 in
1690 3939 2221 4036 Martyrologio
2272 3937 2624 4024 Romano,
2675 3961 2822 4033 quo
2870 3939 2988 4012 die
3037 3943 3195 4037 eJue
3244 3943 3848 4016 commemoratio-

1054 4079 1219 4131 nem
1252 4057 1547 4128 ecclesia
1580 4052 1913 4127 celebrat.
3341 4059 3349 4066 ’
3810 4059 3818 4066 ”

1944 4284 2021 4358 Β.
2072 4281 2695 4360 BERTUINUS.
2805 4291 2970 4368 129.

1048 4523 1177 4593 DE:
1250 4517 1326 4592 S.
1405 4521 1767 4594 Bertuino
1842 4519 2138 4592 unicum
2213 4517 2514 4592 sufficiet
2595 4515 2952 4616 sigeberti
3035 4519 3566 4595 Gemblaoensis
3649 4543 3856 4597 enom.

1050 4637 1302 4710 mium.
1408 4647 1457 4680 ‘⁸
1488 4635 1794 4708 Praeter
1840 4636 1997 4720 hoe,
2052 4643 2127 4706 et
2176 4637 2302 4707 alii
2351 4634 2564 4706 multi
2613 4635 2704 4706 de
2750 4634 3048 4734 Anglia,
3101 4639 3218 4708 vel
3265 4633 3505 4710 Scotia
3561 4639 3641 4710 in
3697 4639 3854 4712 An·

1048 4753 1215 4850 gliis
1274 4751 1837 4851 peregrinantes,
1902 4751 2205 4824 verbum
2279 4747 2420 4823 Dei
2479 4749 2956 4838 seminabant,
3017 4755 3472 4847 multumque
3537 4751 3854 4830 fructum
