4384 5817
1218 501 1604 608 'Gi-:nris
1649 538 2211 620 sco‘rontm,
2256 538 2437 609 Lm
2486 539 2617 608 111.
3198 540 3327 611 139

1393 845 1472 916 S.
1523 842 2180 916 COLMANNUS.
2284 850 2454 924 239.

523 1083 594 1154 S.
640 1084 1176 1155 COLMANNus
1220 1079 1410 1148 inter
1451 1075 2022 1169 splendidissima
2070 1076 2349 1148 Scotiae
2396 1085 2685 1148 nostrae
2730 1087 3149 1148 ornamenta
3197 1075 3321 1146 ha-

522 1199 817 1269 bendus.
872 1195 923 1266 J
923 1217 1084 1266 oan.
1137 1192 1476 1264 Leslaeus
1529 1190 1653 1262 lib.
1715 1207 1822 1261 1v.
1887 1189 2085 1262 Hist.
2137 1191 2459 1262 Scoticae
2509 1215 2678 1287 pag.
2744 1209 3039 1264 cxmn.
3104 1191 3313 1262 Heet.

521 1313 872 1384 Boethius
905 1311 1029 1382 lib.
1064 1326 1246 1379 VIII.
1293 1309 1372 1378 in
1419 1307 1558 1376 fine
1605 1303 1976 1378 Historiae
2009 1308 2370 1380 Scoticae:
2424 1319 2471 1352 ‘⁶
2504 1310 2708 1382 Inter
2755 1320 3110 1382 nostrates
3158 1311 3319 1381 Col-

519 1449 847 1510 mannus,
897 1427 1208 1507 Priscus,
1245 1423 1622 1505 Medanus,
1658 1421 2038 1508 Modanus‚
2093 1436 2168 1496 et
2208 1425 2611 1510 EuchinuS,
2656 1427 2993 1518 episcopi,
3042 1425 3317 1496 Christi

519 1542 876 1636 dogmatis
909 1561 1040 1632 per
1071 1537 1445 1610 Scotorum
1479 1547 1552 1608 et
1585 1535 1954 1608 Pictorum
1987 1563 2201 1634 agros
2234 1541 2339 1632 pii
2372 1543 2965 1613 concionatores.”
3057 1540 3319 1614 Mona-

517 1657 774 1726 sticam
809 1657 1037 1727 vitam
1071 1663 1181 1724 est
1225 1653 1590 1745 professus
1633 1652 1768 1724 sub
1809 1657 2061 1747 regula
2091 1655 2164 1727 S.
2203 1655 2550 1751 Congelli,
2597 1676 2745 1728 non
2791 1666 3035 1728 autem
3068 1655 3141 1728 S.
3182 1655 3318 1728 Be-

519 1771 806 1854 nedicti,
863 1780 1116 1842 contra
1169 1791 1388 1860 quam
1457 1767 1886 1859 quibusdam
1947 1772 2247 1842 eruditis
2304 1773 2677 1863 placuisse·
2717 1773 2949 1844 video.
3078 1771 3317 1842 Caris-

515 1887 742 1959 simus
789 1887 1040 1958 Oswio
1079 1884 1156 1955 N
1155 1885 1772 1956 orthumbriorum
1819 1884 1974 1977 regi
2017 1883 2110 1954 ob
2155 1885 2511 1979 insignem
2558 1887 3039 1979 prudentiam,
3090 1887 3317 1978 parsi-
3468 1919 3487 1936 -

515 2003 856 2086 moniam,
907 2009 982 2072 et
1031 2001 1224 2071 vitae
1269 1999 1804 2082 continentiam,
1851 2001 1970 2068 sed
2023 2021 2245 2092 supra
2289 2003 2549 2084 omnia,
2604 2001 2977 2096 egregium
3022 2003 3099 2071 in
3142 2025 3317 2094 pau-

513 2141 716 2210 peres
749 2119 1108 2190 affectum.
1171 2115 1678 2187 Lindisfarnae
1712 2117 2082 2208 episcopus
2105 2132 2231 2186 111.
2258 2115 2334 2185 S.
2360 2114 2695 2188 Firmano
2718 2117 3079 2199 successit,
3102 2126 3149 2159 “
3172 2139 3315 2210 quo

515 2243 834 2326 tempore
881 2234 1174 2328 gravior
1221 2233 1312 2302 de
1361 2231 1854 2302 observatione
1903 2227 2243 2312 Paschae,
2288 2253 2419 2302 nec
2462 2253 2609 2302 non
2651 2240 2726 2302 et
2770 2230 2859 2302 de
2901 2233 3062 2302 aliis
3096 2235 3313 2304 eccle-

515 2349 840 2420 siasticae
875 2350 1068 2420 vitae
1103 2348 1522 2439 disciplinis,
1556 2347 2046 2418 controversia
2065 2355 2241 2416 nata
2266 2349 2437 2430 est,”
2475 2349 2579 2418 ait
2613 2347 2814 2419 Beda
2844 2346 2966 2418 lib.
3008 2365 3130 2420 111.
3158 2369 3310 2440 cap.

517 2481 719 2537 XXV.
779 2485 1000 2555 super
1049 2463 1312 2557 quibus
1379 2461 1592 2533 rebus
1661 2461 2025 2556 ingentem
2091 2463 2407 2552 suscepit
2478 2463 3077 2534 concertationem
3148 2484 3309 2534 cum

515 2579 858 2652 wilfrido
879 2579 1319 2652 Ebot-acensi
1343 2579 1696 2671 episcopo,
1723 2588 1818 2649 ut·
1831 2577 2108 2669 prolixe
2131 2578 2517 2669 exequitur
2540 2577 2767 2660 Beda,
2794 2589 2867 2650 et
2892 2579 3311 2650 Matthaeus

515 2693 1025 2767 westmonast.
1073 2717 1165 2766 ex
1205 2717 1352 2787 quo
1399 2695 1628 2785 liquet
1677 2715 1919 2788 regem
1969 2693 2215 2784 ipsum
2256 2692 2671 2764 interfuisse
2715 2694 3215 2787 disputationi,
3270 2715 3313 2762 a

512 2832 656 2904 qua
680 2832 843 2882 cum
869 2813 1072 2882 visus
1095 2819 1282 2881 esset
1303 2809 1600 2880 inferior
1618 2811 1960 2891 recedere,
1987 2810 2140 2879 sine
2165 2809 2409 2880 dolore
2431 2831 2561 2880 seu
2586 2809 3074 2900 poenitudine,
3090 2817 3309 2880 “cum

513 2925 660 2997 suis
693 2927 772 2997 in
815 2927 1128 2998 Scotiam
1176 2927 1570 3009 reversus,'’
1602 2935 1689 2996 ut
1728 2925 2050 3016 loquitur
2081 2924 2603 2996 Westmonast.
2650 2947 2821 2997 mox
2866 2948 2905 2996 e
2948 2925 3187 2997 Scotia
3232 2926 3310 2995 in

515 3041 784 3112 insulas
819 3041 1198 3126 Hebrides,
1249 3063 1558 3133 quarum
1595 3042 1640 3112 a
1671 3041 2034 3112 nonnullis
2079 3042 2444 3130 apostolus
2492 3040 2818 3124 habetur,
2862 3042 3159 3136 collegio
3208 3041 3311 3112 ibi

515 3165 770 3228 erecto.
804 3157 855 3228 J
855 3181 1016 3229 oan.
1055 3158 1299 3252 Major
1331 3157 1453 3228 lib.
1494 3175 1580 3226 11.
1619 3155 1818 3225 Hist.
1853 3155 2036 3225 Scot-
2078 3177 2234 3246 cap.
2270 3175 2387 3226 X1.
2444 3155 3087 3248 Archiepiscopum
3132 3155 3307 3226 facit

511 3271 876 3344 Arnoldus
909 3270 1154 3344 Uvion
1187 3271 1310 3342 lib.
1338 3289 1425 3340 11.
1467 3269 1691 3364 Ligni
1722 3269 1940 3340 Vitae
1972 3293 2136 3364 pag.
2171 3287 2509 3342 CCXLVI.
2546 3280 2618 3342 et
2644 3273 2828 3342 male
2861 3295 3025 3343 cum
3060 3284 3303 3364 patro-

509 3407 602 3458 no
636 3384 978 3459 Austriae
1011 3386 1410 3458 confundit.
1512 3384 1698 3457 Vide
1743 3381 1824 3455 S.
1869 3379 2309 3456 Columnam
2340 3388 2523 3456 alius
2570 3386 2787 3457 infra.
2837 3385 3115 3458 Anton.
3162 3387 3305 3459 De-

509 3502 818 3574 mochar.
870 3500 1179 3573 Sacrific.
1236 3503 1444 3574 Miss.
1497 3509 1674 3572 tom.
1728 3518 1851 3571 111.
1903 3521 2056 3591 cap.
2119 3519 2258 3572 xv.
2362 3501 2663 3594 Scripsit
2720 3524 2853 3593 pro
2903 3525 2983 3572 re
3032 3504 3307 3594 discep-

507 3626 684 3700 tata,

801 3731 948 3802 Pro
981 3732 1206 3803 Sociis
1242 3733 1916 3824 quartadecumanis
2376 3733 2501 3802 lib.
2542 3750 2595 3801 1.
2630 3755 2775 3825 quo
2805 3733 3095 3804 nomine
3128 3733 3301 3804 Pas-

897 3846 1034 3919 cha
1065 3847 1402 3918 Romano
1433 3847 1584 3917 ritu
1620 3846 2054 3920 celebrantes
2092 3847 2485 3918 deridebat.

797 3961 912 4032 De
945 3960 1284 4034 Tonsura
1314 3962 1754 4036 clericorum
2372 3963 2497 4034 lib.
2538 3979 2591 4032 1.
2642 3985 2813 4035 nam
2858 3987 2943 4036 ea
2974 3967 3329 4058 quaestio-

899 4100 1046 4149 non
1077 4079 1378 4148 minima
1407 4087 1582 4149 tunc
1613 4088 1788 4159 erat,
1822 4079 1928 4148 ait
1959 4077 2180 4150 Beda.

797 4191 1399 4264 Exhortatiouem
1432 4194 1523 4263 ad
1561 4191 2040 4264 Hebridianos
2369 4194 2493 4267 lib.
2532 4212 2585 4263 1.
2614 4194 2773 4266 MS.
2810 4197 2888 4264 in
2922 4197 3297 4268 bibliothe-

897 4331 982 4378 ca
1013 4309 1203 4402 regis
1238 4308 1732 4380 Christianiss.

601 4423 1122 4515 Episcopatum
1182 4423 1844 4495 Lindisfarnensem
1900 4425 2276 4516 occupavit
2330 4447 2445 4496 an.
2508 4428 2636 4496 sal.
2694 4445 2977 4497 Dchl.
3032 4427 3287 4498 Franc.

504 4538 834 4610 Godwin.
962 4537 1054 4609 In
1121 4539 1430 4611 Scotiam
1490 4561 1662 4610 vero
1722 4541 1936 4610 rediit
1993 4563 2184 4611 anno
2244 4558 2585 4612 DcLXIV.
2654 4553 2727 4612 et
2791 4543 3035 4612 eodem
3100 4563 3291 4612 anno

504 4651 860 4726 Hebrides
926 4655 1417 4749 adnavigavit.
1511 4655 1618 4725 M.
1677 4653 2271 4726 westmonaster.
2364 4656 2651 4728 Obiisse
2718 4659 3033 4727 creditur
3100 4678 3289 4728 anno

503 4786 815 4842 ncnxx.
869 4769 1009 4842 sub
1055 4768 1462 4842 Mailduino
1509 4792 1701 4863 rege.
1806 4769 2090 4842 Colitur
2143 4789 2333 4842 xm.
2388 4769 2643 4844 Octob.
2700 4773 3009 4866 Martyr.
3062 4771 3285 4867 Angl.
