4384 5817
980 450 1108 516 182
1754 452 2223 521 HISTORIA
2268 453 3019 526 ECCLESIASTICA

1565 755 2223 832 ALEXANDER
2271 759 2902 834 COCBURNUS.
3006 766 3177 834 318.

978 988 1525 1060 ALEXANDER
1558 988 2002 1074 Cocburnue,
2049 991 2273 1061 nobili
2320 993 2663 1063 comitum
2708 991 3290 1065 Bothuelliorum
3339 993 3617 1066 familia
3660 1017 3773 1066 or-

979 1114 1122 1188 tua,
1156 1115 1446 1198 patrum
1479 1106 1824 1176 memoria
1857 1103 2079 1176 bonas
2113 1115 2305 1177 artes
2339 1105 2675 1178 Lutetiae
2708 1107 3197 1201 profitebatur.
3300 1109 3607 1202 Scripsit

1269 1220 1702 1292 Academiae
1736 1219 2164 1292 Parieieneis
2200 1220 2487 1294 Laudes
3060 1224 3188 1296 lib.
3226 1244 3277 1296 1.

1269 1335 1386 1408 De
1417 1334 1738 1408 Foedere
1769 1337 1961 1408 inter
1993 1335 2309 1408 Francos
2344 1345 2419 1408 et
2452 1335 2699 1410 Scotoe
3062 1339 3187 1410 lib.
3230 1359 3282 1410 1.

1272 1451 1386 1524 De
1420 1451 1889 1545 Philosophia
1921 1451 2342 1524 Orationem
3060 1455 3185 1528 lib.
3224 1473 3277 1526 1.

1074 1568 1278 1641 Obiit
1311 1591 1502 1642 anno
1535 1585 1791 1640 Mum.

1563 1797 2221 1872 ALEXANDER
2269 1799 2825 1874 COCBURNU
2826 1802 2901 1874 S.
3004 1806 3172 1882 319.

969 2032 1522 2105 ALEXANDEB
1555 2031 1976 2106 Cocburnus
2009 2035 2218 2116 aliua,
2252 2041 2329 2104 et
2358 2034 2512 2125 ipse
2545 2035 2993 2106 nobilissima
3014 2034 3293 2108 familia
3318 2044 3543 2118 ortus,
3560 2034 3771 2128 juve-

969 2150 1082 2220 n'is
1117 2149 1482 2222 meliorem
1517 2147 1858 2242 Europae
1889 2157 2172 2242 partem
2206 2149 2528 2220 discendi
2562 2149 2803 2220 studio
2835 2152 3276 2245 peragravit,
3322 2150 3549 2241 proba
3596 2150 3769 2230 vita,

970 2275 1044 2338 et
1100 2288 1400 2338 amoeno
1456 2266 1775 2362 ingenio.
1885 2263 2267 2336 Laudatur
2317 2286 2364 2335 a
2411 2272 2625 2356 poeta
2672 2263 2907 2350 Scoto,
2957 2275 3335 2358 poetarum
3384 2265 3500 2335 sui
3552 2265 3768 2335 seculi

965 2381 1308 2473 principe,
1339 2380 1464 2453 lib.
1501 2399 1590 2453 11.
1626 2378 2156 2476 Epigrammat.

1495 2607 1714 2668 Omnia
1738 2625 1888 2688 quae
1912 2605 2086 2686 longa
2109 2603 2382 2685 indulget
2408 2603 2749 2666 mortalibus
2772 2616 2955 2676 aetas,

1571 2701 1740 2762 Haeo
1765 2701 1898 2772 tibi,
1924 2701 2281 2770 Alexander,
2309 2699 2497 2780 prima
2514 2699 2765 2778 juventa
2796 2699 2976 2760 dedit.

1495 2797 1646 2856 Cum
1671 2815 1884 2876 genere
1908 2806 1972 2856 et
1998 2797 2183 2856 forma
2211 2813 2487 2874 generoso
2510 2805 2818 2856 stemmate
2844 2793 3041 2874 digna,

1581 2890 1892 2970 Ingenium
1919 2889 2110 2960 velox,
2135 2891 2575 2969 ingenuumque
2600 2889 2876 2950 animum.

1497 2985 1774 3046 Exeoluit
1798 2985 1990 3046 virtue
2013 2983 2297 3054 animum,
2321 2983 2741 3064 ingeniumque
2768 2983 3093 3044 camoenae

1573 3077 1874 3149 Suoeeeeu,
1901 3078 2116 3149 studio,
2143 3077 2495 3158 consilioque
2518 3079 2663 3158 pari.

1499 3174 1618 3235 Hie
1643 3173 1888 3234 ducibus
1913 3174 2170 3254 primum
2196 3183 2501 3253 peragrata
2526 3171 2849 3245 Britannia,
2877 3171 3089 3234 deinde

1575 3267 1790 3339 Gallia,
1817 3267 1892 3328 ad
1917 3267 2215 3329 armiferos
2239 3287 2356 3347 qna
2380 3277 2545 3349 patet
2574 3267 2917 3328 Helvetios:

1495 3363 1722 3424 Doctus
1747 3363 1828 3424 ibi
1856 3361 2087 3442 linguae
2111 3382 2256 3442 quaa
2284 3363 2484 3432 Rome,
2514 3361 2673 3431 Sion,
2700 3372 2763 3422 et
2789 3362 3079 3432 Athenae,

1571 3457 1738 3531 Quae
1761 3477 1895 3518 cum
1924 3456 2219 3517 Germano
2244 3455 2445 3518 Gallia
2470 3454 2638 3516 docta
2660 3465 2843 3518 eonat-

1497 3551 1589 3612 Te
1613 3551 1753 3614 lieet
1777 3551 1842 3611 in
1869 3552 2058 3633 prima
2079 3562 2402 3632 rapuerunt
2431 3551 2555 3611 fate
2572 3550 2841 3629 juventa,

1583 3647 1719 3706 Non
1744 3647 2056 3706 immaturo
2079 3645 2289 3706 funere
2313 3655 2517 3726 raptus
2540 3644 2683 3706 obis·

1499 3741 1792 3802 Omnibus
1815 3741 2014 3802 officiis
2039 3739 2197 3800 vitae
2218 3739 2323 3820 qui
2346 3739 2587 3800 functus
2610 3739 2812 3808 obivit,

1575 3837 1712 3897 Non
1739 3845 1832 3898 eet
1857 3835 1946 3896 fae
1970 3834 2128 3895 vitae
2153 3833 2229 3894 de
2255 3834 2543 3895 brevitate
2568 3833 2753 3912 queri.

981 4055 1400 4126 Praeoocem
1435 4053 1592 4147 ejus
1625 4049 1902 4124 obitum
1937 4057 2012 4122 et
2045 4047 2375 4120 acerbum
2408 4045 2629 4120 funus
2663 4048 2853 4118 idem
2888 4047 3213 4140 deplorat
3246 4049 3367 4120 lib.
3408 4047 3711 4120 Miscell.

1508 4277 1764 4358 ingratia
1787 4286 1998 4339 vexata
2019 4275 2321 4336 hominum
2347 4273 2408 4334 N
2408 4285 2575 4336 atura
2598 4273 2871 4355 querelis,

1587 4373 1672 4433 Et
1697 4371 1914 4433 sterilis
1939 4371 2106 4434 lassis
2128 4370 2349 4432 eredita
2372 4366 2707 4438 visceribus,

1509 4467 1876 4530 Coeburnum
1903 4467 1964 4526 in
1993 4465 2183 4528 lueem
2212 4463 2395 4536 dedit,
2420 4475 2483 4525 et
2508 4463 2655 4524 rude
2678 4464 2895 4545 pignus
2918 4463 3192 4526 alendum

1589 4563 2000 4645 Mnemoeynes
2023 4561 2180 4622 natis
2204 4559 2470 4631 eredidit,
2496 4569 2561 4622 et
2586 4559 2875 4639 Sophiae:
