4384 5817
1762 506 1766 510 '
1920 486 2013 577 iii

574 706 820 789 nemo
854 698 983 785 ini
1018 726 1171 812 par
1208 708 1390 783 erat
1408 694 1856 807 ,diligentia
1882 700 1973 785 in
2002 695 2306 783 studiis
2337 697 2752 809 (quotidie
2781 698 3008 783 enim
3033 698 3149 785 ad
3175 728 3350 785 κη.

572 829 869 917 saltem
903 828 1151 915 horas
1188 828 1277 911 in
1328 827 1461 913 his
1513 830 2031 937 versabatur)
2092 827 2496 913 memoria
2550 856 2745 915 vero
2803 840 3062 931 tanta,
3111 840 3214 913 ut
3263 858 3350 915 se

572 958 889 1045 nescire
954 958 1275 1044 diceret
1326 956 1545 1067 quid
1566 968 1817 1053 ,esset
1878 956 2272 1055 oblivisci,
2327 956 2641 1051 ‚doctus
2709 957 3079 1069 denique
3139 958 3349 1043 adeo

572 1088 931 1185 Graecis,
964 1084 1406 1172 Hebraicis
1454 1096 1545 1171 et
1596 1084 1925 1169 Latinis
1976 1083 2306 1183 litteris,
2362 1096 2464 1169 ut
2514 1084 2734 1170 nihil
2785 1085 2874 1169 in
2928 1086 3062 1171 his
3111 1100 3348 1189 esset,

573 1216 805 1327 quod
840 1215 996 1327 ipsi
1018 1225 1253 1299 esset
1288 1212 1836 1323 incognitum.
1930 1213 2071 1299 Ex
2108 1211 2338 1309 illius
2375 1240 2726 1325 operum
2763 1214 3064 1315 indice,
3093 1243 3348 1327 quem

572 1347 749 1457 ipse
784 1344 1245 1442 contexuit,
1282 1354 1387 1427 ut
1420 1368 1599 1429 rem
1634 1354 1963 1452 gratam
2008 1343 2322 1427 faceret
2354 1342 2640 1427 amico
2684 1342 3023 1427 cuidam
3069 1344 3350 1431 Bono-

574 1472 863 1573 niensi,
902 1469 1283 1583 cognosci
1318 1470 1637 1581 poterit
1672 1469 1822 1581 qui
1862 1482 2408 1582 quantusque
2455 1471 2583 1555 vir
2633 1470 2916 1573 fuerit,
2949 1474 3350 1584 ‚quantis-

572 1630 739 1715 que
786 1601 883 1687 in
929 1598 1351 1693 laboribus
1396 1624 1487 1682 se
1538 1599 2029 1687 exercuerit.
2080 1700 2085 1707 .
2138 1598 2437 1695 Nihilo
2498 1611 2784 1688 tamen
2833 1599 3117 1687 minus
3176 1630 3348 1711 non

571 1728 843 1817 multa
904 1730 1113 1815 adeo
1166 1726 1577 1824 conficere
1632 1727 2065 1841 potuisset,
2120 1728 2191 1813 si
2243 1756 2462 1840 quae
2516 1727 2826 1823 litteris
2875 1730 3348 1829 mandabat,

574 1858 915 1972 politius
964 1856 1357 1946 limasset.
1470 1858 1595 1943 Ut
1644 1856 2037 1957 moribuS,
2088 1858 2208 1943 sic
2261 1859 2665 1971 oratione·
2687 1859 2956 1945 durus
3005 1854 3209 1959 erat,
3259 1872 3350 1945 et

572 2014 764 2071 cum
818 1986 1177 2071 minime
1236 1984 1750 2099 intelligeret
1808 1976 2029 2097 quae
2086 1988 2440 2073 resecari
2505 1999 2934 2099 oporteret,
2996 1998 3185 2079 tum
3255 1988 3346 2071 in

574 2118 863 2215 verbis,
914 2128 1106 2201 tum
1158 2116 1253 2199 in
1306 2117 1577 2213 rebus,
1640 2118 1715 2226 ej
1724 2142 1825 2199 us
1880 2115 2312 2201 interdum
2369 2116 2682 2229 scripta
2727 2113 3188 2229 loquacem,
3245 2130 3346 2201 ut
3511 2126 3516 2129 ’

570 2248 845 2358 ajebat
880 2243 1313 2343 Horatius
1362 2242 1775 2327 delassare
1823 2240 2111 2328 valent
2158 2244 2542 2337 Fabium.
2655 2245 3345 2357 Reprehenditur

572 2387 659 2459 et
690 2376 785 2458 in
818 2402 923 2461 eo
952 2374 1192 2484 quod
1226 2384 1693 2483 temperare
1714 2372 2202 2465 nescivisset
2225 2373 2488 2480 animi
2513 2386 2820 2473 motus,
2849 2386 2940 2459 et
2966 2372 3346 2487 linguam

568 2504 963 2589 adversus
998 2531 1163 2602 eos,
1202 2502 1513 2614 quibus
1544 2528 1639 2589 se
1662 2499 2091 2611 infensum
2115 2530 2298 2598 esse
2325 2513 2882 2619 aut-noverat,
2903 2514 3056 2589 aut
3081 2503 3347 2615 suspi-

568 2632 959 2717 cabatur..
1020 2628 1493 2717 Simulandi
1532 2630 1883 2731 nescius,
1918 2632 2093 2717 sive
2128 2659 2410 2717 amore
2437 2631 2612 2717 sive
2639 2630 2834 2715 odio
2859 2632 3345 2743 quempiam

566 2772 1231 2874 prosequeretur,
1268 2771 1729 2871 utrumque
1764 2746 2045 2871 palam
2070 2760 2448 2845 faciebat.
2561 2761 2670 2846 In
2697 2761 3165 2850 exercendo
3189 2789 3346 2847 suo

566 2911 917 2977 munere
953 2890 1189 3002 apud
1224 2888 1799 2977 Bononienses
1834 2887 2526 3009 diligentissimus
2567 2888 3000 3009 judicatus
3051 2903 3203 2989 est,
3253 2902 3341 2977 et

566 3017 1199 3118 nonnullorum,
1232 3018 1325 3105 in
1358 3017 1671 3131 quibus
1708 3044 2037 3107 summa
2070 3019 2526 3107 auctoritas
2576 3032 2760 3105 erat
2808 3030 2898 3105 et
2945 3017 3343 3132 amplitu-

564 3150 703 3249 do,
746 3149 909 3233 sibi
941 3148 1232 3235 studia
1277 3141 1778 3233 conciliavit.
1888 3145 2318 3255 Floruisse
2365 3148 2622 3233 etiam
2677 3147 2990 3235 dicitur
3044 3146 3343 3267 nobili-

564 3290 741 3364 tate
816 3277 1451 3390 discipulorum,
1530 3304 2021 3387 quanquam
2094 3276 2510 3361 scribendi
2599 3274 3018 3389 elegantia
3096 3275 3340 3364 nullo

560 3408 1049 3493 modo'mm
1086 3406 1189 3493 iis
1211 3415 1443 3491 esset
1480 3404 2107 3517 comparandus,
2156 3405 2310 3515 qui
2361 3416 2610 3491 antea
2661 3406 2752 3491 in
2803 3434 2902 3489 ea
2947 3406 3126 3519 ipsa
3161 3434 3342 3491 aeae

560 3536 847 3621 demia
898 3534 1435 3621 humaniores
1483 3532 1809 3639 litteras
1855 3534 2204 3646 professi
2253 3534 2616 3621 fuerant.
2727 3534 3014 3621 Vitam
3065 3535 3342 3619 finivit

558 3692 761 3749 non.
796 3664 1309 3775 Septembris
1344 3690 1477 3747 an.
1523 3670 1561 3745 l
1574 3662 1763 3761 625,
1800 3662 2351 3775 sepultusque
2387 3665 2498 3747 ad
2525 3664 2606 3747 S.
2634 3663 3082 3749 Dominici.
3179 3662 3340 3753 Est

558 3796 657 3878 in
694 3793 1083 3877 manibus
1118 3791 1563 3877 hominum
1594 3791 1975 3877 funebris
2012 3792 2302 3891 oratio,
2339 3819 2598 3904 quam
2631 3792 2741 3877 de
2791 3790 3020 3881 iuius
3068 3790 3340 3878 laudi-

567 3924 723 4007 bus
776 3920 1096 4005 .habuit
1149 3920 1507 4005 Ovidius
1562 3916 2225 4020 Montalbanius,
2291 3919 2419 4005 vir
2479 3920 2703 4006 inter
2765 3920 3340 4007 Bononienses

370 4133 380 4145 ,
420 4018 460 4071 ”
556 4050 949 4135 doctrina
968 4048 1279 4135 clarus.
1380 4047 1681 4135 Plures
1706 4049 2065 4135 extitere
2094 4047 2262 4149 alii,
2289 4049 2441 4162 qui
2470 4050 2580 4135 de
2607 4048 2837 4135 illius
2865 4050 3340 4142 eruditione
3395 4095 3400 4103 ·

556 4192 655 4263 et
688 4178 1095 4279 doctrina,
1130 4189 1221 4263 et
1256 4178 1339 4263 vi
1374 4177 1721 4289 ingenii,
1758 4204 2087 4265 summa
2134 4190 2228 4263 et
2275 4179 2492 4263 mira
2540 4208 2878 4291 prorsus
2923 4180 3344 4291 praedica-

564 4320 795 4407 runt,
826 4336 1043 4419 quos
1078 4335 1729 4393 commemorare
1764 4306 2115 4391 minime
2150 4308 2707 4417 necessarium
2742 4308 3315 4402 arbitramur-‚⁹2

678 4436 1119 4521 Hactenus
1174 4434 1554 4547 Angelus
1604 4434 1751 4541 ille
1798 4436 2294 4537 FabroniuS,
2347 4437 2500 4549 qui
2543 4436 2991 4527 ‚historiam
3039 4436 3339 4526 Italiae

556 4556 1022 4651 «limoniam
1070 4564 1457 4678 pluribus
1507 4563 1765 4664 libris,
1810 4560 2230 4675 elegantia
2278 4564 2514 4652 haud
2561 4564 2881 4677 vulgari
2925 4568 3343 4679 ‚conscrip-

552 4694 695 4794 ⁴tis,
756 4722 931 4780 non
978 4695 1105 4781 ita
1160 4694 1487 4809 pridem
1528 4691 2023 4783 -illustmvin
2144 4692 2414 4813 Paulo
2449 4705 2752 4785 ,tamen
2787 4693 3146 4805 ‚liberius
3194 4694 3342 4782 ho-
3471 4806 3479 4813 ,
