4384 5817
1087 523 1219 588 282
1862 522 2332 592 HISTORIA
2376 521 3130 592 ECCLESIASTICA

1092 715 1311 788 fuerit
1348 716 1777 786 translatum
1814 737 2073 808 corpus
2106 723 2460 798 sanctum,
2511 715 2806 808 pulchre
2839 715 3239 806 explicatur
3269 714 3346 786 in
3387 713 3474 788 Β.
3511 713 3886 788 Gummari

1090 831 1560 902 translatione
1591 830 1707 901 his
1742 831 2011 902 verbis:
2066 841 2087 872 ‘
2108 829 2181 900 N
2184 831 2462 902 ormani
2496 853 2626 922 per
2657 829 2987 914 fluvium,
3023 833 3150 923 qui
3183 831 3450 904 dicitur
3481 832 3774 926 Scinpa,
3801 836 3886 904 ad

1090 947 1335 1016 villam
1373 943 1787 1017 Tilrvinum
1820 947 2285 1030 devenerunt,
2332 946 2460 1018 ubi
2505 956 2663 1018 erat
2713 947 3232 1018 monasterium
3283 947 3356 1020 S.
3395 948 3888 1044 Fredegandis

1095 1062 1558 1150 confessoris3
1597 1064 1719 1134 sed
1755 1061 1977 1146 Deus,
2014 1073 2309 1156 propter
2341 1063 2820 1136 habitantium
2849 1063 3310 1156 iniquitatem
3335 1087 3594 1136 exosus
3629 1068 3886 1148 locum,

1090 1179 1431 1271 reliquias
1473 1179 1697 1272 jussit
1730 1180 1959 1270 ipsius
2010 1182 2153 1250 alte
2199 1180 2699 1272 transportari,
2749 1189 2836 1250 ut
2881 1181 3163 1250 nullum
3209 1189 3394 1252 esset
3439 1181 3884 1253 obstaculum

1090 1305 1343 1365 contra
1374 1295 1929 1380 desolationem3
1966 1297 2228 1388 quibus
2263 1295 2588 1378 sublatiS,
2626 1297 2825 1366 velut
2859 1317 3071 1367 muro
3106 1303 3180 1366 et
3211 1297 3538 1368 turribus
3573 1297 3887 1369 civitatis

1088 1412 1499 1494 destructiS,
1548 1411 1768 1482 irruit
1800 1434 1977 1506 gens
2012 1413 2328 1495 inimica,
2383 1421 2458 1482 et
2505 1411 2836 1482 incendio
2886 1413 3202 1504 perdidit
3249 1413 3496 1484 omnia
3545 1411 3878 1498 aedificia,

1092 1528 1475 1620 ipsumque
1508 1528 2022 1598 monasterium
2060 1529 2529 1618 consumpsit,
2570 1527 2896 1600 homines
2941 1529 3210 1620 partim
3251 1529 3672 1613 trucidavit,
3725 1551 3880 1620 par-

1089 1644 1223 1714 tim
1246 1643 1567 1734 captivos
1590 1643 1988 1714 abduxit.'”
2042 1642 2326 1715 Colitur
2343 1645 2500 1739 eJus
2520 1644 2868 1714 memoria
2888 1643 3004 1714 die
3025 1660 3236 1714 xvn.
3259 1642 3309 1713 J
3313 1645 3463 1714 ulii.
3513 1644 3565 1714 J
3565 1668 3632 1715 o.
3657 1645 3879 1716 Mola-

1086 1781 1227 1830 nus
1246 1760 1323 1828 in
1346 1758 1722 1830 Addition.
1745 1761 1836 1829 ad
1858 1759 2298 1838 Usuardum.
2371 1758 2676 1830 Arnold.
2705 1758 2948 1830 Uvion
2975 1759 3100 1830 lib.
3131 1778 3254 1831 111.
3283 1759 3450 1855 Lig.
3476 1757 3694 1831 Vitae
3719 1781 3874 1854 pag.

1088 1892 1463 1946 ccxxvn.
1560 1873 2023 1970 Argentonae
2056 1875 2460 1967 depositum
2497 1877 2659 1948 vult
2690 1875 2958 1946 certius
2990 1875 3330 1948 Moraeus
3363 1877 3440 1946 in
3476 1876 3874 1968 epitaphio:

1610 2071 1855 2132 Dormio
1878 2091 2057 2152 prope
2085 2071 2284 2142 Sabin,
2313 2070 2416 2132 sed
2439 2091 2534 2132 me
2561 2071 2636 2132 ad
2663 2069 2916 2130 Scaldim
2943 2070 3234 2149 vigilasse,

1612 2167 1987 2247 Antverpum
2016 2167 2192 2239 dicet,
2220 2167 2344 2228 voci
2370 2166 2523 2249 quod
2549 2167 2820 2250 praebuit
2847 2187 3062 2228 aurem.

1078 2364 1083 2369 ’
1180 2349 1371 2446 Ejus
1404 2361 1573 2422 sunt
1878 2351 2244 2423 Homiliae
2276 2353 2366 2423 de
2398 2351 2680 2424 Sanctis
3174 2351 3300 2422 lib.
3330 2369 3382 2422 1.

1182 2465 1393 2540 Vixit
1424 2489 1614 2538 anno
1650 2486 1779 2540 Dc.
1817 2477 1947 2539 aut
1980 2469 2284 2552 circiter,
2325 2467 2484 2540 MS.
2533 2469 2948 2566 collegiatae
2993 2467 3325 2538 ecclesiae
3369 2468 3871 2538 monasterien-

1082 2583 1203 2667 sis,
1238 2591 1369 2654 aut
1400 2605 1591 2655 anno
1624 2602 1811 2655 DcL.
1850 2584 2092 2656 Uvion
2128 2583 2392 2655 ibidem
2427 2585 2586 2656 loci.

1955 2819 2029 2890 S.
2085 2817 2736 2892 FRIDERICUS.
2839 2817 3008 2892 516.

1079 3048 1153 3121 S.
1226 3047 1763 3132 annmcus,
1834 3049 2208 3143 episcopus
2269 3051 2612 3146 Trajecti,
2682 3051 3234 3124 Germaniarum
3302 3053 3694 3144 apostoluS,
3761 3052 3869 3121 vir

1078 3166 1291 3257 plane
1334 3164 1649 3246 divinus,
1696 3174 1769 3235 et
1810 3176 2107 3257 martyr.
2205 3165 2501 3239 Scotum
2535 3191 2800 3254 assero,
2845 3169 3273 3240 auctoritate
3307 3167 3648 3239 Gulielmi
3684 3165 3868 3238 Mal-

1076 3279 1583 3352 mesburiensis
1610 3281 1729 3352 lib.
1757 3298 1809 3350 1.
1840 3279 2039 3352 Gest.
2070 3281 2346 3353 Pontis.
2381 3306 2547 3379 pag.
2585 3303 2788 3356 exn.
2827 3295 2874 3328 “
2904 3285 3102 3356 Eum
3138 3283 3542 3357 sanctitatis
3579 3275 3868 3354 Bonifa-

1075 3396 1167 3466 cii
1200 3405 1449 3467 nectar
1478 3397 1897 3489 spirantem,
1930 3407 2183 3490 utpote
2221 3409 2552 3492 nepotem
2587 3411 2661 3474 et
2705 3402 3162 3494 discipulum,
3208 3400 3623 3472 Ludovicus
3667 3399 3865 3482 Pius,

1074 3511 1163 3584 F.
1190 3509 1433 3583 Caroli
1459 3510 1741 3606 Magni,
1766 3514 2191 3604 promovit.”
2263 3515 2338 3586 S.
2367 3514 2824 3588 Bonifacium
2851 3538 3110 3588 novem
3135 3516 3538 3588 rationibus
3569 3515 3867 3608 probavi

1072 3625 1367 3700 Scotum
1402 3651 1576 3712 esse,
1612 3629 1827 3721 idque
1862 3627 2075 3700 bullis
2108 3629 2551 3722 pontificum,
2585 3644 2668 3704 ut
2701 3635 2931 3726 ipsius
2953 3633 3042 3703 de
3069 3655 3146 3704 se
3172 3631 3414 3716 verba,
3439 3639 3514 3702 et
3539 3631 3614 3704 S.
3643 3629 3865 3704 Mari-

1072 3745 1193 3816 ani
1227 3743 1447 3828 Scoti,
1480 3745 1858 3846 omittam3
1900 3747 2145 3839 itaque
2180 3756 2464 3838 oportet
2494 3749 2708 3832 hunc,
2751 3750 2924 3841 quia
2963 3757 3318 3840 nepotem,
3364 3749 3683 3842 ejusdem
3717 3770 3868 3820 esse

1070 3861 1393 3953 patriae:
1466 3871 1539 3932 et
1604 3861 1777 3952 quia
1844 3859 2219 3931 Caesarem
2287 3862 2672 3954 impulerat
2729 3873 2816 3936 ut
2871 3863 2920 3933 J
2921 3863 3250 3935 uditham
3303 3884 3604 3934 uxorem
3653 3865 3868 3936 nimis

1068 3979 1307 4048 vicino
1339 3977 1571 4073 gradu
1606 3978 1928 4048 illicitam
1962 3977 2380 4060 dimitteret,
2414 3987 2488 4049 et
2519 3980 2600 4050 in
2631 3979 3148 4051 monasterium
3173 3979 3609 4062 detruderet,
3635 3977 3867 4051 faceta

1071 4094 1159 4165 de
1193 4095 1425 4184 capite
1458 4094 1675 4184 piscis
1709 4093 1911 4186 prius
1946 4093 2220 4164 edendo
2253 4094 2814 4190 interrogatione
2845 4095 2921 4166 id
2955 4095 3312 4178 evincens,
3363 4095 3488 4164 illa
3537 4095 3868 4168 muliebri

1068 4209 1314 4281 dolore
1346 4210 1637 4290 exarsit,
1688 4218 1761 4280 et
1811 4211 1969 4280 viro
2002 4207 2141 4280 Dei
2191 4232 2321 4303 per
2369 4210 2660 4282 sicarios
2709 4221 3014 4284 mortem
3066 4212 3397 4303 paravit3
3451 4233 3668 4305 quam
3703 4234 3866 4282 cum

1066 4323 1513 4418 praescisset,
1548 4347 1748 4395 sacro
1782 4325 2157 4408 celebrate,
2209 4326 2404 4398 intro
2448 4349 2570 4397 eos
2616 4329 2923 4410 vocavit,
2975 4329 3310 4420 martyrii
3343 4329 3644 4421 cupidus
3680 4329 3864 4400 reni·

1064 4451 1299 4514 tentes
1336 4441 1679 4522 accendit,
1711 4462 2091 4532 percussus
2126 4443 2215 4512 de
2259 4440 2438 4538 fuga
2485 4445 2934 4515 sollicitanda
2981 4443 3289 4526 monuit,
3332 4444 3732 4536 elapsisque
3779 4443 3867 4514 iis

1063 4559 1333 4632 clerum
1368 4557 1770 4639 advocavit,
1805 4557 1932 4649 qui
1966 4557 2206 4648 ipsum
2241 4557 2476 4629 adbuc
2511 4559 2787 4642 vivum,
2835 4559 2960 4630 sed
2993 4559 3208 4630 morti
3247 4559 3758 4651 propinquum,
3791 4560 3866 4629 in

1058 4683 1398 4768 paratum
1456 4673 1821 4744 tumulum
1882 4672 2205 4758 inferret,
2267 4673 2394 4766 qui
2455 4675 2720 4746 crebris
2779 4674 3146 4746 miraculis
3205 4675 3464 4769 merita
3519 4676 3859 4767 loquitur.

1060 4789 1364 4884 Scripsit
1408 4813 1415 4821 ·
