4384 5817
1044 613 1217 680 288*
1830 605 2303 678 HISTORIA
2347 605 3104 678 ECCLESIASTICA

1052 807 1285 879 Porro
1318 802 1398 876 in
1430 800 1741 876 Decreto
1774 797 2109 876 Gratiani
2140 802 2432 896 praesul
2447 753 2888 898 'Biturigum
2917 797 3334 894 patriarcha
3365 807 3688 873 vocatur.

1784 1032 2456 1108 FLORENTIUS
2505 1031 3140 1107 VOLUSENUS.

1058 1269 1221 1344 ch
1256 1273 1494 1346 locum
1528 1291 1745 1344 suum
1775 1268 2073 1343 habebit
2104 1267 2304 1341 infra
2331 1268 2471 1343 hoc
2500 1289 2738 1360 opere,
2770 1263 2902 1340 ubi
2935 1266 3026 1340 de
3058 1265 3186 1340 illo
3219 1265 3410 1339 vide.

1882 1501 1933 1573 J
1932 1497 2358 1575 OANNES
2405 1497 2758 1574 FOGUS.
2866 1501 3031 1572 542.

1056 1735 1109 1808 J
1109 1751 1447 1808 oANNEs
1474 1735 1751 1832 Fogus,
1784 1733 2115 1808 monach.
2153 1733 2674 1819 cisterciensis,
2711 1732 2784 1807 S.
2821 1732 3224 1828 theologiae
3249 1731 3519 1816 doctor,
3553 1731 3866 1806 Paulum

1060 1851 1280 1941 Grau,
1316 1851 1727 1927 Bohemum
1768 1873 2053 1949 genere,
2107 1848 2463 1922 haeresim
2511 1849 3007 1924 Wiclefianam
3059 1871 3144 1922 ac
3193 1847 3672 1922 Hussitanam
3721 1871 3866 1922 soe-

1058 1973 1235 2044 leste
1268 1971 1350 2044 in
1382 1969 1625 2044 Scotia
1656 1971 2010 2043 seminare
2061 1969 2544 2062 incipientem,
2597 1967 3002 2039 eruditione
3051 1989 3136 2038 ac
3183 1966 3380 2038 vitae
3427 1965 3868 2040 continentia

1058 2087 1457 2182 repressit3
1509 2109 1759 2181 quare,
1808 2087 1936 2157 illo
1984 2083 2296 2158 flammis
2346 2091 2795 2176 consumpto,
2850 2083 2971 2154 hie
3020 2081 3480 2155 Mailrosensi
3531 2081 3868 2156 coenobio

1061 2205 1373 2278 donatus
1407 2227 1454 2277 a
1482 2202 1535 2274 J
1535 2203 1755 2276 acobo
1784 2201 1884 2274 D.
1920 2200 2260 2274 Andreae
2293 2200 2648 2294 episcopo.
2751 2198 3056 2292 Scripsit

1356 2319 1573 2392 Pauli
1608 2318 1806 2391 Crau
1839 2317 2149 2390 Bohemi
2183 2314 2518 2389 Examen
3451 2313 3578 2388 lib.
3614 2334 3670 2386 1.

1354 2433 1471 2508 De
1500 2433 1899 2508 Erroribus
1933 2432 2464 2506 Wiclefitarum
2499 2440 2718 2526 atque
2755 2431 3229 2506 Hussitarum
3453 2432 3579 2504 lib.
3617 2450 3672 2502 1.

1354 2548 1471 2624 De
1504 2550 1978 2624 confessione
2011 2550 2402 2622 auriculari
3450 2549 3578 2622 lib.
3615 2565 3671 2620 1.

1158 2667 1446 2742 Floruit
1478 2689 1669 2740 anno
1704 2685 1965 2740 Mem„
2070 2665 2332 2739 Boeth.
2366 2667 2492 2740 lib.
2531 2681 2742 2738 xvn.
2781 2661 3063 2738 Histor.
3099 2661 3292 2738 Scot.
3327 2685 3496 2763 pag.
3534 2681 3834 2740 occul.

1775 2901 1826 2973 J
1827 2897 2249 2974 OANNES
2299 2897 2879 2974 FORDUNUS.
2984 2903 3155 2972 543.

1064 3138 1115 3210 J
1117 3152 1456 3210 oANNEs
1489 3135 1879 3208 Fordunus
1929 3135 2138 3248 cujus
2185 3134 2412 3207 fuerit
2455 3134 2650 3206 vitae
2695 3133 3150 3220 conditionis,
3199 3155 3350 3206 non
3399 3133 3868 3226 deprehendi3

1064 3255 1527 3349 suspicantur
1556 3251 1886 3325 nonnulli
1920 3249 2358 3324 monachum
2391 3249 2614 3324 fuisse
2644 3271 2664 3322 z
2713 3260 3082 3343 utcunque
3115 3250 3234 3323 vir
3264 3249 3410 3322 fuit
3442 3251 3752 3348 diligens
3795 3252 3872 3322 in

1059 3371 1543 3466 perquirenda
1573 3370 1813 3467 gentis
1846 3377 2137 3442 nostrae
2172 3367 2628 3462 antiquitate,
2663 3378 2738 3442 et
2769 3368 2851 3440 in
2875 3367 3251 3442 scribendo
3277 3368 3485 3440 valde
3511 3369 3869 3462 eloquens·

1062 3487 1251 3586 Esus
1284 3497 1698 3678 &historia
1730 3599 2011 3678 Scotiae
2209 3599 2335 3672 lib.
2375 3597 2534 3696 [v]
2637 3599 2908 3700 Ingens
2943 3603 3284 3674 volumen
3317 3599 3479 3674 MS.
3512 3601 3596 3676 in
3625 3601 3876 3676 biblio-

1462 3721 1679 3794 theca
1727 3718 2033 3816 Collegii
2084 3717 2159 3791 S.
2213 3716 2590 3791 Benedicti
2640 3717 3152 3816 cantabrigiae
3196 3719 3276 3795 in
3325 3717 3622 3818 Anglia,
3657 3741 3877 3812 quam

1460 3838 2035 3934 diligentissime,
2057 3835 2270 3908 sociis
2282 3836 2578 3933 juratis,
2605 3838 2936 3910 cancellis
2957 3837 3396 3930 clathrisque
3417 3837 3835 3908 custodiunt
3857 3857 3890 3922 ι,

1464 3955 1623 4052 ejus
1656 3977 1793 4052 ego
1824 3955 2131 4028 lectione
2162 3953 2480 4026 multum
2511 3953 2810 4050 adjutus
2843 3954 3114 4047 optavi,
3145 3953 3274 4024 sed
3303 3953 3689 4037 incassum,
3722 3954 3878 4024 luce

1171 4187 1385 4264 Vixit
1416 4072 2228 4286 asffgxagxggcnxxx]
2330 4184 2447 4259 De
2477 4188 2636 4283 eJns
2670 4188 3170 4260 continuatore
3203 4185 3358 4258 dixi
3390 4185 3470 4257 in
3503 4183 3876 4258 Auctario.

1790 4419 2229 4495 THOMAS
2278 4418 2883 4494 FORBASSUS.
2990 4423 3160 4492 544.

1074 4657 1437 4732 THOMAS
1472 4655 1899 4741 Forbassus,
1932 4654 2384 4729 nobilissima
2427 4662 2630 4725 ortus
2663 4651 2961 4738 familia,
3014 4653 3089 4726 in
3147 4650 3525 4747 Hispaniis
3575 4655 3880 4726 clarissi-

1068 4797 1277 4850 mum
1332 4796 1599 4847 nomen
1656 4773 1985 4868 adeptus,
2055 4772 2133 4843 in
2195 4771 2418 4843 variis
2477 4770 2860 4842 academiis
2915 4770 3142 4844 bonas
3197 4771 3442 4846 literas
3494 4770 3876 4865 professus.

1072 4891 1263 4989 Ejus
1294 4901 1471 4968 sunt
1503 4892 1889 4988 permulta,
1926 4888 2057 4963 sed
2090 4911 2227 4986 ego
2259 4895 2549 4962 tantum
2585 4885 2737 4956 vidi
