4384 5817
1091 574 1177 638 26
1858 572 2324 643 HISTORIA
2369 570 3115 643 ECCLESIASTICA

1400 762 1489 835 In
1522 761 1887 856 Epistolas
1920 762 2133 835 Pauli
2777 763 2902 835 lib.
2939 780 2991 834 1.

1204 878 1489 950 Floruit
1520 900 1711 949 anno
1742 894 2097 949 Dcxmn.
2199 876 2485 951 Colitur
2513 878 2630 950 die
2671 896 2853 950 xxI.
2886 878 3091 950 Julii.
3193 876 3466 951 Molan.
3499 878 3876 955 Addition.

1104 992 1442 1065 Usuardi.
1526 992 1721 1066 Guil.
1768 990 2296 1091 Eisengrinius.
2380 992 2506 1066 Fr.
2551 992 2872 1067 Irenicus
2915 992 3042 1065 lib.
3093 1010 3215 1066 III.
3261 992 3599 1069 German.
3645 994 3877 1092 Exeg.

1103 1129 1255 1200 cap.
1292 1126 1591 1181 XLVIII.

2078 1339 2155 1411 S.
2205 1336 2500 1411 ARNU
2498 1338 2664 1413 AL.
2765 1343 2886 1419 29.

1100 1570 1175 1641 S.
1243 1566 1547 1641 ABNUA
1556 1586 1633 1653 Ι..
1698 1568 1773 1641 S.
1842 1568 2117 1641 Kiliani
2182 1570 2780 1665 peregrinationis
2845 1571 3102 1655 socius,
3187 1592 3346 1643 cum
3433 1574 3556 1646 ille
3626 1573 3881 1647 Herbi-

1101 1690 1323 1782 polim
1404 1690 1483 1759 in
1568 1685 2028 1759 Germaniam
2111 1686 2610 1771 contendisset,
2697 1686 3171 1779 martyriique
3250 1689 3566 1780 palmam
3647 1712 3882 1783 perce-

1082 1805 1342 1897 pisset,
1392 1802 1511 1875 hic
1558 1804 1636 1875 in
1686 1800 1939 1875 Galliis
1988 1802 2334 1875 substitit.
2434 1798 2802 1895 Anonym.
2862 1824 2951 1873 ex
3013 1801 3326 1875 Monast.
3385 1802 3878 1877 Aichstadian.

1098 1920 1566 2011 praedicator,
1624 1918 1857 1990 editus
1915 1917 2009 1990 ab
2059 1916 2378 1989 Henrico
2427 1915 2716 1989 canisio
2764 1927 2938 1989 tom.
2995 1936 3107 1989 IV.
3167 1916 3658 2013 Antiquarum
3707 1919 3882 1993 Lec-

1102 2032 1280 2105 tion.
1332 2032 1422 2104 de
1469 2032 1811 2105 Passione
1870 2032 1997 2105 SS.
2060 2032 2336 2105 Kiliani
2396 2043 2470 2104 et
2519 2035 2870 2103 sociorum
2929 2034 3108 2129 ejus.
3227 2032 3470 2107 Verba
3528 2036 3747 2108 habes
3805 2038 3882 2108 in

1099 2144 1388 2220 Donato
1418 2148 1542 2222 lib.
1580 2165 1691 2219 IV.
1726 2148 1919 2219 infra
1946 2150 2081 2219 hoc
2114 2170 2346 2238 opere.
2449 2146 2862 2244 Sigebertus
2907 2148 3434 2223 Gemblacensis
3477 2152 3572 2223 ad
3615 2174 3882 2223 annum

1098 2280 1447 2336 DchIx.
1547 2262 1640 2337 In
1688 2263 2043 2335 Chronico
2090 2262 2712 2358 Wizziburgensis
2771 2266 3128 2357 episcopi:
3190 2274 3236 2308 “
3275 2264 3691 2359 Discipulus
3739 2266 3884 2337 Ar-

1100 2380 1271 2451 nual
1319 2379 1399 2449 in
1446 2377 1704 2464 Gallia,
1757 2377 2230 2451 Adamannus
2279 2380 2520 2461 abbas,
2569 2376 2992 2463 Adhelmus,
3043 2390 3118 2453 et
3163 2378 3570 2464 Wilfridus,
3621 2382 3885 2473 episco-

1098 2496 1175 2589 pi
1233 2497 1503 2567 clarent
1558 2496 1639 2565 in
1688 2494 2025 2591 Anglia.”
2082 2494 2542 2565 Arnualdum
2587 2503 2795 2566 vocat
2845 2494 3292 2567 Trithemius
3341 2496 3466 2568 lib.
3513 2512 3568 2565 1.
3629 2494 3880 2589 Comp.

1100 2610 1369 2682 Annal.
1414 2631 1581 2704 pag.
1620 2626 1822 2681 LVII.
1922 2608 2304 2702 Scripsisse
2341 2632 2504 2681 eum
2538 2610 2643 2681 ait
2674 2608 2726 2680 J
2725 2610 2984 2683 acobus
3019 2608 3382 2683 Breullius
3415 2612 3494 2683 in
3525 2610 3878 2705 Disquisi-

1102 2726 1419 2799 tionibus
1450 2726 1624 2807 suis,

1396 2838 1471 2913 S.
1508 2838 1781 2911 Kiliani
1810 2839 2139 2935 magistri
2170 2838 2422 2911 Vitam
2775 2840 2900 2912 lib.
2939 2856 2993 2911 I.

1198 2956 1403 3039 Quae
1434 2956 1539 3026 ini
1573 2978 1618 3027 a
1649 2956 2099 3048 propudiosis
2132 2956 2530 3039 haereticis,
2579 2963 2653 3027 et
2685 2958 2996 3027 maxime
3027 2964 3356 3049 apostata
3385 2954 3632 3039 Baleo,
3669 2956 3881 3027 ascri·

1098 3074 1392 3155 buntur,
1426 3094 1572 3143 non
1604 3070 1778 3141 vidi.
1884 3070 2045 3141 Hoc
2076 3092 2302 3141 unum
2329 3080 2630 3154 constat,
2661 3073 2910 3143 relicta
2941 3070 3178 3144 Gallia
3209 3072 3636 3167 magistrum
3669 3092 3878 3143 sunm

1096 3188 1177 3259 in
1241 3185 1511 3258 Gallias
1575 3184 2016 3267 comitatum,
2082 3182 2505 3256 Xantonum
2572 3190 2981 3281 episcopum
3045 3196 3285 3261 sancte
3350 3188 3606 3279 pieque
3681 3187 3881 3259 inau-

1094 3311 1482 3399 guratumz
1530 3302 1721 3372 idem
1754 3308 2002 3370 auctor
2032 3310 2143 3372 est
2175 3298 2270 3370 R.
2306 3299 2392 3371 P.
2431 3300 2818 3373 Breullius.

1194 3416 1475 3488 claruit
1524 3438 1713 3487 anno
1758 3432 2093 3487 ncxcw.
2203 3413 2426 3487 Idem.
2533 3416 2894 3490 Annualis
2943 3427 3054 3490 est
3100 3418 3334 3490 cultus
3381 3434 3474 3489 II.
3521 3413 3875 3489 Octobris.

1090 3532 1563 3629 Martyrolog.
1597 3529 1881 3604 subens.

2096 3758 2173 3833 S.
2222 3757 2642 3833 ATTILA.
2747 3764 2866 3833 80.

1092 3993 1693 4066 SANc'nsstus
1740 4012 1957 4063 senex
2004 3990 2492 4062 Columbanus
2539 3993 2808 4063 multos
2857 3990 3114 4063 habuit
3161 3992 3353 4063 cives
3403 4013 3571 4065 suos
3629 3990 3876 4067 Scotos

1088 4109 1379 4203 pietatis
1426 4108 1669 4180 studio
1724 4108 1962 4199 ipsum
2023 4128 2064 4176 e
2120 4107 2356 4198 patria
2414 4116 2742 4191 secutos;
2803 4106 2882 4175 in
2939 4104 3058 4178 his
3115 4105 3356 4178 Attila
3411 4106 3690 4193 Scotus,
3751 4128 3881 4181 seu

1086 4224 1363 4306 Attala,
1422 4225 1629 4320 cujus
1683 4222 2029 4299 memoria
2074 4222 2334 4293 colitur
2379 4223 2498 4295 die
2545 4240 2630 4295 x,
2683 4222 2958 4295 Martii.
3057 4219 3433 4295 Addition.
3495 4220 3876 4315 Martyrol.

1089 4339 1407 4413 Usuardi
1440 4338 1711 4411 Molan.
1812 4336 1926 4408 De
1956 4360 2103 4432 quo
2134 4336 2486 4433 Sigebert.
2521 4336 3048 4409 Gemblacensis
3083 4337 3482 4410 Chronico:
3533 4346 3579 4379 ‘⁸
3612 4334 3882 4409 Eusta»

1088 4457 1241 4529 sius
1266 4456 1483 4527 abbas
1508 4454 1985 4537 Lmonensis,
2020 4464 2093 4526 et
2115 4452 2356 4524 Attila
2391 4452 2766 4523 Bobiensis
2797 4460 2961 4543 post
2991 4451 3516 4524 columbanum
3545 4452 3878 4525 clarent.”

1088 4572 1529 4644 comitatum
1588 4580 1779 4643 certe
1835 4571 2057 4665 hujus
2114 4569 2342 4639 sancti
2399 4568 2626 4660 patris
2685 4566 2932 4639 Scotos
2996 4566 3243 4650 fuisse,
3309 4569 3656 4661 anonymi
3721 4588 3880 4639 ver·

1086 4710 1237 4771 sus,
1294 4710 1425 4759 seu
1480 4688 2023 4785 epigrammata,
2080 4685 2175 4759 ab
2225 4682 2542 4757 Henrico
2597 4681 2890 4755 canisio
2946 4703 3178 4775 nuper
3227 4684 3442 4769 edita,
3503 4682 3716 4757 fidem
3771 4682 3875 4755 fa·

1086 4804 1331 4877 ciunt:
1396 4826 1401 4837 ¹
3801 4806 3808 4815 ‘
