4384 5817
1101 549 1228 615 180
1861 517 2337 620 ms'TomA
2378 549 3133 624 nchssmsTch

1103 739 1378 811 Ibidem
1410 741 1568 826 loci,
1603 749 1678 813 et
1709 741 1906 812 aliud
1935 763 2227 814 carmen
2258 721 2735 814 acrosticlium
2768 749 2969 814 extat
3000 741 3337 816 Behsarii
3370 751 3621 838 poetae
3654 765 3673 814 ε

1513 885 1559 946 S
1609 883 1840 945 edulius
1865 885 2088 946 Christi
2112 885 2391 946 miracula
2413 885 2675 950 vex-sibu·
2698 884 2851 946 eden

1505 979 1560 1038 E
1601 979 1798 1050 micat,
1823 981 2082 1042 inritans
2104 999 2285 1060 parva
2300 979 2386 1040 ad
2404 979 2664 1045 solania
2686 997 2891 1042 mensa
3308 981 3363 1040 E

1504 1072 1563 1131 D
1603 1075 1808 1153 ignum
1835 1076 2175 1148 convivam,
2208 1093 2335 1136 ,non
2342 1075 2535 1148 hunc,
2560 1077 2665 1156 qui
2690 1085 2951 1155 carperet
2974 1073 3087 1136 illu
3308 1075 3369 1136 D

1503 1167 1563 1224 V
1616 1168 1680 1227 ix
1713 1169 1869 1248 quod
1893 1169 2174 1230 nobilium
2199 1169 2419 1252 profert
2444 1170 2662 1264 triplici
2688 1169 2821 1230 aula
2844 1179 3011 1250 parat
3310 1169 3369 1230 U

1502 1258 1556 1320 L
1607 1262 1804 1322 aetum
1832 1261 1985 1343 quod
2009 1259 2290 1350 ppnitq'ue
2316 1265 2447 1324 su'b
2450 1283 2624 1325 aurea
2646 1274 2805 1324 tecta
2826 1261 3063 1324 tribuna
3309 1263 3367 1322 L

1507 1353 1540 1413 1
1613 1372 1655 1416 n
1687 1374 1800 1436 quo
1824 1357 2168 1436 gemmiferi,
2184 1369 2399 1440 totque
2411 1366 2598 1420 aurea
2622 1363 2758 1418 rhea
2782 1357 2997 1420 canistr
3309 1357 3341 1416 1

1499 1449 1560 1507 -V
1617 1451 1776 1512 ivi&
1801 1471 1908 1532 pro
1932 1452 2154 1514 modico
2177 1463 2417 1534 portant
2440 1453 2551 1514 eibi
2576 1452 2789 1563 gaudia
2800 1453 2935 1514 :nst
3304 1450 3367 1512 U

1497 1545 1546 1606 S
1610 1545 1685 1616 ed
1711 1545 1866 1626 quod
1889 1546 2018 1606 olus
2043 1547 2178 1610 vili·
2203 1547 2479 1628 producit
2494 1548 2765 1630 pauperis
2789 1547 2963 1608 hortu
3300 1546 3344 1606 S

3298 1735 3359 1793 N

3302 1823 3360 1888 T

3308 1926 3341 1986 1

3304 2020 3348 2080 S

3300 2113 3355 2174 Τ

3294 2209 3351 2268 Ε

3308 885 3351 948 m

1497 1641 1560 1700 A
1610 1661 1643 1700 c
1667 1653 1826 1723 post
1823 1641 2054 1705 delitias
2078 1654 2403 1742 properant·
2414 1635 2517 1725 qui
2540 1662 2769 1704 sumere
2794 1661 2968 1742 magn

1507 1741 1569 1798 N
1606 1742 1840 1801 ituatur
1861 1761 2102 1824 parvum
2130 1729 2469 1800 miserorum
2494 1741 2765 1822 spei-nere
2789 1755 2987 1816 gra-mo

1503 1828 1559 1894 Τ
1601 1833 1811 1895 autum
1835 1833 1992 1915 'quod
2017 1833 2166 1894 nihil
2191 1837 2301 1904 e‘st,
2326 1831 2481 1892 dum·
2492 1833 2605 1892 'nil
2604 1849 2739 1892 cum
2764 1843 2968 1892 ventre
2992 1829 3239 1892 tumaci

1501 1929 1536 1988 1
1615 1929 1834 1990 midias
1857 1930 2251 2008 membrisque
2270 1947 2525 1998 mens,
2548 1927 2893 2007 animaeque
2916 1925 3089 1988 luent

1501 2023 1545 2083 S
1611 2024 1634 2082 i
1661 2035 1858 2086 tamen
1885 2025 1978 2084 his
2003 2023 2249 2104 dapibus
2268 2021 2433 2084 veen·
2458 2021 2777 2102 dignantur
2800 2020 2971 2100 egoni

1497 2117 1554 2177 Τ
1617 2129 1816 2179 emnat
1841 2119 2076 2179 divitias
2101 2119 2351 2188 animus,
2374 2115 2689 2197 paucisque
2708 2115 2947 2195 quiesce

1496 2211 1549 2271 E
1612 2213 1846 2295 xemplo
1870 2223 2168 2294 assumpto
2196 2211 2457 2282 Domini,
2482 2209 2795 2291 quintillia
2816 2209 3041 2289 quiuqu

1500 2307 1542 2366 S
1609 2309 1816 2368 emotis
1841 2308 2088 2378 cunctis,
2113 2306 2355 2368 modicis
2379 2305 2613 2367 satiavit
2638 2303 2711 2366 ab
2736 2304 2853 2364 esci
3290 2303 3352 2362 S.

1192 2476 1384 2549 Tota
1427 2475 1892 2548 scribentium
1939 2476 2156 2547 turba
2204 2475 2497 2548 Scotum
2546 2471 2721 2546 facit
2752 2495 2917 2544 cum
2948 2473 3326 2546 annalibus
3360 2475 3671 2560 nostris;
3726 2498 3869 2568 quo

1085 2593 1321 2686 magis
1395 2591 1624 2661 miror
1691 2590 2060 2684 theologos
2106 2589 2611 2674 ‚Coloniensea
2678 2590 2759 2660 in
2824 2589 3083 2660 ultima
3144 2589 3453 2662 editione
3518 2589 3865 2662 Biblioth.

1087 2705 1513 2778 Sanctorum
1549 2705 1874 2787 Petrum,
1917 2707 2136 2776 illum-
2165 2703 2461 2777 Scotum
2507 2722 2672 2776 mm
2720 2705 3130 2799 adjectione.
3160 2699 3703 2780 Heben-neum
3738 2727 3867 2798 ap-

1085 2823 1432 2912 pellasse3
1487 2821 1681 2914 quod
1713 2841 1974 2891 nomen
2007 2843 2052 2891 a
2083 2821 2321 2894 sciolis
2360 2829 2491 2904 est,
2532 2841 2701 2892 nam
2734 2843 2964 2914 neque
2982 2821 3299 2912 probato
3328 2823 3477 2894 ullo
3508 2821 3585 2892 id
3616 2824 3867 2894 asscri-

1085 2947 1212 3008 tur
1241 2935 1674 3019 testimonio,
1707 2957 1840 3006 nec
1871 2957 1956 3007 ω
1985 2955 2128 3006 vox
2159 2943 2512 3028 usurpata
2542 2935 2813 3008 Sedulii
2836 2957 3023 3006 aevo
3054 2936 3471 3018 mltissimo,
3518 2937 3646 3010 sed
3674 2947 3867 3030 post-

1087 3074 1172 3123 ea
1219 3053 1312 3123 ad
1360 3053 1900 3147 distinguendos
1951 3051 2199 3122 Scotos
2250 3053 2611 3122 silvestres
2658 3073 2786 3122 seu
2828 3065 3205 3122 montanos
3254 3073 3301 3121 a
3330 3051 3865 3126 mediterrancis

1087 3176 1160 3238 et
1183 3167 1556 3238 inferiores
1579 3168 1905 3261 regiones
1930 3164 2421 3237 habitantibus
2446 3167 2866 3261 excogitata.
2920 3165 3341 3236 Bucholzer.
3370 3165 3613 3238 Indice
3639 3169 3865 3240 Chro-

1085 3285 1322 3376 nolog.
1393 3303 1556 3376 pag.
1621 3294 1968 3352 CCanl.
2025 3291 2070 3324 “
2119 3269 2213 3354 In
2262 3274 2552 3352 ecclesia
2599 3279 2771 3352 clari
2818 3279 3115 3352 fuerunt
3164 3279 3495 3380 Sedulius
3544 3279 3861 3369 Scotus‚”

1085 3394 1217 3468 &c-
1319 3396 1568 3468 Vitam
1587 3399 1758 3490 ‘ejus
1791 3397 2207 3488 compilavit
2239 3393 2605 3472 Antonius
2639 3389 2715 3466 N
2715 3393 3129 3470 ebrissensis
3160 3404 3451 3486 patrum
3496 3399 3859 3481 memoria,

1083 3521 1165 3584 ut
1199 3513 1272 3583 in
1312 3511 1760 3582 Bibliotheca
1791 3513 1993 3584 docet
2029 3510 2411 3592 Gesacum,
2460 3518 2535 3582 et
2584 3511 3041 3602 epitomastes
3072 3507 3123 3578 J
3124 3511 3311 3589 osias
3342 3509 3711 3596 Simlerus,
3736 3515 3864 3584 sed

1082 3628 1402 3698 nondum
1451 3628 1625 3697 vidi.
1727 3625 1833 3698 Ut
1867 3628 1975 3697 illi
2009 3625 2337 3697 moderni
2379 3625 2481 3694 in·
2506 3634 2719 3718 gente
2766 3624 3001 3715 ipsius
3036 3633 3111 3695 et
3154 3625 3396 3716 -patria
3442 3635 3705 3709 errant,
3754 3627 3861 3698 ita

1083 3765 1244 3814 cum
1303 3741 1672 3812 Gennadio
1726 3740 2162 3812 Massiliensi
2212 3739 2355 3810 viri
2403 3740 2670 3834 magni,
2720 3740 2847 3831 qui
2896 3739 3205 3810 Carmen
3254 3756 3467 3810 suum
3520 3739 3859 3812 Paschale

1084 3859 1338 3927 volunt
1371 3855 1775 3926 Theodosio
1801 3855 2076 3949 juniori
2103 3854 2589 3946 inscripsisse3
2626 3861 2871 3924 errant
2894 3854 3212 3948 inquam,
3240 3853 3357 3926 vel
3387 3855 3545 3946 ipso
3569 3853 3859 3928 Sedulio

1083 3981 1286 4053 teste,
1313 3991 1481 4040 nam
1507 3969 1581 4038 in
1601 3969 2046 4060 praefatione
2074 3991 2212 4057 sua
2242 3969 2334 4039 ad
2370 3967 2855 4042 Theodosium
2886 3968 3305 4064 Augustum
3338 3969 3671 4052 scribens,
3698 3981 3857 4042 orat
3978 4069 3986 4076 .

1083 4107 1244 4156 eum
1291 4084 1731 4186 commendet
1775 4105 1953 4174 opus
1995 4105 2210 4156 sunm
2250 4084 2513 4156 minori
2538 4079 2881 4166 Arcadio,
2928 4085 3123 4175 quod
3168 4085 3261 4156 de
3308 4082 3711 4154 Theodosio
3734 4087 3856 4178 ju-

1083 4201 1267 4269 niori
1303 4199 1441 4268 dici
1473 4220 1618 4268 non
1651 4205 1907 4288 potest,
1957 4199 2073 4268 cui
2105 4199 2348 4268 nullus
2396 4208 2551 4268 erat
2598 4194 2976 4269 Arcadius.
3074 4197 3195 4268 Sic
3242 4199 3483 4290 itaque
3535 4198 3679 4282 ille,
3730 4201 3854 4270 sed

1089 4323 1466 4404 corrupte3
1521 4321 1608 4384 tu
1639 4315 1794 4406 lege
1827 4331 2126 4432 mecum,
2145 4333 2162 4427 ,⁴
2376 4335 2383 4340 ·
3048 4343 3053 4350 ·

1531 4505 1696 4564 Haec
1720 4503 1959 4583 relegas,
1990 4467 2293 4582 servesque
2318 4501 2441 4574 diu,
2466 4498 2773 4584 tradasque
2797 4503 3004 4564 minori

1529 4599 1796 4669 Arcadio,
1826 4598 1926 4658 ille
1953 4613 2056 4657 suo
2070 4599 2315 4676 'generi3
2365 4599 2449 4658 sic
2472 4597 2617 4674 haec
2640 4610 2749 4658 tua·
2770 4617 2995 4678 semper

1530 4694 1796 4773 Accipiat
1823 4691 2135 4772 doceatque
2160 4691 2293 4753 suos
2318 4703 2562 4772 augtoeta
2587 4711 2849 4772 propago.
