4384 5817
1057 519 1190 584 los
1810 511 2301 584 HISTORIA
2342 503 3099 582 EchEslAs‘rch

1061 709 1234 782 cuit.
1335 707 1528 804 Ejus
1557 705 1652 780 sd
1681 727 1800 778 me
1831 709 2233 776 venerunt.

1355 823 1589 918 Super
1625 819 2072 915 Astrologie.
2115 819 2373 914 ingens
2414 826 2491 890 et
2530 816 2823 890 doctum
2868 815 3207 890 volumen
3252 821 3367 888 ter
3408 811 3685 888 editum
3720 809 3857 883 La·

1457 939 1615 1009 tine
1641 945 1732 1008 et
1747 933 2042 1020 Gallice,
2127 991 2136 998 .
2950 930 3076 1004 lib.
3116 944 3173 1000 1.

1361 1052 1598 1146 Super
1629 1051 1714 1124 M
1716 1049 2148 1123 ethemetxce
2177 1045 2641 1122 Genethliecs
2942 1044 3071 1116 lib.
3110 1063 3164 1116 1.

1359 1167 1845 1240 Arithmetica
2950 1159 3076 1234 lib.
3114 1177 3167 1232 1.

1357 1283 1648 1356 Musica
1675 1281 2068 1354 secundum
2103 1277 2511 1352 Platonicos
2944 1276 3071 1349 lib.
3108 1293 3167 1348 1.

1357 1398 1471 1471 De
1503 1396 1820 1470 Mathesi
1851 1396 1931 1467 in
1962 1417 2223 1490 gnere
2948 1391 3075 1466 lib.
3112 1409 3167 1464 1.

1167 1513 1456 1590 Floruit
1485 1535 1676 1586 enno
1709 1527 2074 1584 nnnxnr.

2015 1741 2646 1818 BUNDEVICA.
2720 1749 2917 1826 199.

1061 1983 1645 2055 Busnnvxcsu
1693 1979 2078 2074 quendem,
2126 1974 2535 2048 Amazonio
2582 1977 2737 2050 ritu
2784 1976 3216 2060 bellicosam,
3266 1975 3461 2048 inter
3506 1984 3862 2052 nostrates

1066 2097 1466 2171 eruditione
1515 2106 1590 2168 et
1635 2095 1922 2188 scriptis
1971 2093 2289 2190 insignes
2332 2089 2679 2166 referunt.
2784 2091 2985 2166 Haec
3031 2090 3409 2164 Scotorum
3454 2092 3647 2186 regis
3693 2093 3861 2174 filia,

965 2217 974 2226 '
1065 2214 1614 2297 Bn‘tannorum,
1663 2211 1790 2305 qui
1841 2233 2034 2282 nunc
2083 2217 2257 2281 sunt
2304 2207 2557 2304 Angli,
2604 2209 2881 2305 regine,
2928 2207 3161 2280 mults
3192 2216 3459 2280 contra
3498 2207 3865 2278 Romanos

1066 2339 1356 2402 strenue
1389 2330 1637 2426 gessit,
1669 2327 2164 2419 coloniamque
2187 2323 2479 2396 delevit.
2560 2321 2883 2408 Tacitus,
2908 2321 3074 2408 Dio,
3100 2319 3553 2415 xiphilinus.
3626 2321 3862 2404 Quam

1065 2445 1434 2538 scripsisse
1473 2446 1730 2516 volunt
1763 2443 1990 2524 veria,
2024 2449 2100 2513 et
2130 2441 2209 2510 in
2242 2439 2383 2522 his,

1364 2558 1758 2631 conciones
1795 2557 2154 2628 Militares
3219 2553 3369 2626 lib.
3415 2570 3465 2626 ῐ.

1361 2673 1744 2758 Querelam
1776 2693 2076 2745 suorum
2109 2669 2555 2763 Temporum
3244 2670 3373 2745 lib.
3409 2690 3465 2743 1.

1357 2787 1728 2882 Epistolas
1753 2788 1847 2860 sd
1874 2785 2247 2878 Principes
2274 2785 2823 2858 Provinciamm
2850 2782 3219 2882 (Bulaeus)
3252 2785 3377 2858 lib.
3418 2803 3471 2856 1.

1363 2904 1477 2977 De
1509 2904 1935 2978 excutiendo
1966 2903 2018 2973 J
2023 2925 2164 2998 ugo
2198 2901 2529 2974 Romano
3194 2921 3200 2930 ·
3252 2901 3381 2975 lib.
3418 2917 3473 2974 Ι.
3538 2899 3868 2975 Andreas

1461 3019 1944 3112 Tiraquellus,
1979 3017 2054 3091 N
2059 3019 2291 3091 obilit.
2326 3039 2481 3111 cap.
2518 3035 2767 3090 mr.
2799 3040 3001 3092 num.
3038 3035 3375 3092 σοαπ.

1358 3135 1475 3209 De
1509 3134 2028 3209 Obsidionibus
2062 3133 2381 3205 Urbium
3254 3131 3379 3206 lib.
3418 3152 3471 3206 1.

1361 3249 1478 3324 De
1509 3249 1866 3322 Exercitu
1899 3250 2215 3343 pedestri
2248 3249 2575 3322 ducendo
2946 3309 2955 3320 .
3255 3247 3380 3322 lib.
3416 3265 3473 3320 1.
3858 3315 3865 3320 .

1167 3367 1378 3442 Vixit
1409 3389 1600 3438 anno
1631 3367 1886 3439 salutis
1931 3384 2065 3440 cx.
2101 3367 2228 3438 sed
2260 3366 2445 3436 nihil
2476 3364 2731 3459 ipsius.
2756 3371 3043 3460 praeter
3088 3385 3353 3438 nomen
3402 3365 3496 3438 sd
3544 3387 3660 3438 me
3708 3389 3863 3460 per·

1070 3485 1352 3557 venisse
1377 3483 1645 3556 fateor:
1679 3481 1852 3556 fides
1877 3484 1976 3555 sit
2000 3504 2219 3575 penes
2244 3482 2427 3554 illos.
2484 3479 2677 3554 Eam
2700 3481 2965 3554 extulit
2988 3481 3299 3576 eleganti
3322 3489 3397 3553 et
3420 3483 3631 3554 suevi
3656 3503 3873 3554 versu

1073 3598 1510 3673 Edmundus
1540 3596 1962 3692 Spenserus,
1995 3607 2210 3690 poeta
2240 3596 2719 3682 doctissimus,
2752 3596 2833 3669 in
2864 3596 3131 3670 Ruinis
3164 3594 3569 3690 Temporis.

1667 3765 2207 3901 cnoncms
2254 3825 2991 3900 BUcHANANUS.
3090 3831 3259 3900 eoo.

1081 4071 1127 4104 ‘⁶
1175 4059 1606 4135 Gssonoms
1674 4059 2180 4148 Buchsnenus,
2260 4060 2611 4132 Minorite
2672 4063 3183 4146 excucullatus,
3260 4060 3657 4134 Bacchicus
3730 4061 3875 4136 his-

1083 4177 1250 4259 trio,
1347 4185 1422 4248 et
1497 4177 1754 4250 atheus
1837 4179 2111 4268 poeta,”
2202 4176 2441 4271 inquit
2522 4175 2891 4250 Gilherms
2972 4176 3475 4250 Genebrardus
3550 4177 3875 4253 Chrono-

1074 4293 1270 4388 logis
1336 4292 1428 4364 ed
1495 4313 1768 4364 annum
1835 4308 2241 4364 MDLxxn.
2364 4291 2481 4365 De
2544 4293 2889 4388 religione
2956 4293 3149 4364 enim
3216 4291 3590 4366 catholica
3652 4295 3875 4387 pessi-

1075 4429 1194 4478 me
1251 4417 1361 4479 est
1417 4406 1743 4489 meritus,
1801 4415 1876 4478 et
1937 4407 2096 4478 ideo
2152 4408 2700 4480 contumeliosas
2766 4429 2973 4480 voces
3036 4409 3245 4480 facile
3311 4408 3473 4482 viro
3536 4411 3875 4504 religioso

1077 4523 1288 4608 dono,
1341 4523 1460 4594 cui
1509 4521 1806 4618 majoris
1855 4521 2002 4594 fuit
2047 4523 2395 4594 momenti
2444 4523 2671 4617 pietas
2718 4545 2938 4617 quam
2988 4524 3323 4597 eruditio.
3458 4524 3719 4596 Paucis
3770 4537 3877 4598 to-

1079 4635 1248 4710 tam'
1281 4639 1510 4730 ipsius
1560 4637 1786 4709 vitam
1837 4637 2217 4733 attingam.
2318 4635 2565 4710 Nobili
2614 4641 2771 4712 loco
2816 4641 2896 4711 in
2944 4639 3253 4712 Levinia
3306 4646 3548 4722 nutus,
3600 4641 3726 4714 sed
3772 4651 3879 4712 te-

1083 4755 1236 4838 nui,
1281 4754 1520 4848 prima
1547 4753 1807 4827 studia
1846 4753 1926 4826 in
1959 4755 2229 4848 patris,
2278 4775 2449 4828 mox
2497 4754 2803 4828 Parisiis
2846 4757 3211 4844 exercuit3
3262 4758 3381 4830 vir
3420 4757 3681 4843 fectus,
3726 4777 3879 4828 me-
