4384 5817
1284 583 1758 654 HISTORIA
1804 581 2582 656 ECCLESIASTICA.
3211 581 3342 650 299

535 779 899 851 darentur.
998 773 1307 869 Scripsit
1339 799 1511 848 vero
1542 776 1661 848 hic
1694 774 2041 850 Gallanus

832 891 1027 967 Acta
1054 894 1389 990 magistri
1422 891 1819 965 Columbae
2254 895 2272 912 ’
2429 892 2554 966 lib.
2592 910 2646 964 1.

838 1009 1443 1082 Exhortationem
1479 1010 1573 1082 ad
1605 1008 2002 1082 Monachus
2423 1010 2550 1081 lib.
2591 1027 2646 1080 1.

633 1127 923 1200 Floruit
954 1149 1145 1199 anno
1180 1144 1403 1199 1)ch
1504 1125 1897 1220 Depositus
1932 1135 2044 1200 est
2074 1149 2268 1200 anno
2301 1143 2666 1200 Dcxxm.
2751 1124 3036 1200 Colitur
3065 1125 3184 1200 die
3219 1143 3335 1198 x1.

537 1243 1003 1338 Septembris.

1516 1441 1607 1518 S.
1659 1440 2084 1516 GALLUS.
2186 1447 2360 1523 557.

537 1594 615 1668 S.
674 1593 1193 1667 COLUMBANI
1266 1595 1467 1668 Scoti
1522 1595 1697 1668 socii
1754 1593 2382 1690 peregrinationis,
2439 1594 2598 1668 sive
2663 1593 3068 1668 sanctitatis
3133 1593 3342 1667 disci-

536 1713 717 1806 puli,
754 1735 799 1784 a
830 1711 1158 1785 Gilberto
1190 1711 1654 1784 Genebrardo
1684 1712 1765 1783 in
1785 1708 2145 1783 Chronico
2167 1733 2336 1808 pag.
2373 1728 2790 1783 cccchn.
2825 1719 3342 1784 enumerantur

539 1830 795 1914 sancti,
843 1824 1119 1913 Gallus,
1156 1827 1406 1912 Jonas,
1440 1827 1941 1910 Romarichus,
1982 1825 2495 1925 LeodegariuS,
2539 1827 3021 1923 Argobastus,
3063 1825 3346 1899 Aman-

538 1947 700 2030 dus,
750 1954 827 2017 et
870 1945 947 2018 S.
982 1944 1373 2028 Walerius,
1424 1943 1667 2027 abbas,
1718 1953 1803 2016 ut
1846 1964 1939 2014 ex
1986 1946 2334 2038 anonymi
2383 1945 2698 2018 auctoris
2743 1944 3014 2036 scripto
3061 1952 3346 2016 constat

538 2063 733 2156 apud
766 2062 1063 2134 Surium
1099 2072 1278 2132 tom.
1316 2077 1403 2131 11.
1456 2059 1575 2134 die
1608 2076 1665 2128 1.
1697 2058 2001 2152 Aprilis.
2104 2060 2231 2133 Ex
2263 2062 2380 2134 his
2425 2061 2678 2133 Gallus
2727 2060 3009 2146 Scotus,
3059 2058 3340 2133 Anton.

536 2178 969 2250 Demochar.
994 2177 1123 2250 lib.
1152 2195 1243 2247 11.⁴
1268 2197 1423 2268 cap.
1452 2193 1723 2248 XXXV.
1792 2174 1843 2246 J
1842 2199 2005 2249 oan.
2040 2177 2368 2251 Gualter.
2397 2177 2670 2251 Chron.
2705 2177 3127 2250 Chronicor.
3163 2186 3342 2250 tom.

540 2311 663 2366 111.
714 2316 883 2388 pag.
938 2310 1309 2366 Dccxcn.
1364 2301 1409 2336 ‘⁶
1458 2291 1535 2364 S.
1592 2291 1785 2364 Galli
1838 2291 2057 2377 Scoti,
2124 2303 2202 2366 et
2267 2296 2628 2380 eremitae,
2679 2295 3200 2368 concionatoris
3251 2293 3344 2365 ad

538 2413 775 2482 lacum
806 2408 1375 2482 Acronianum.”
1474 2409 1551 2481 S.
1584 2408 1811 2485 Jonas
1842 2406 2022 2482 Vita
2053 2409 2127 2482 S.
2164 2409 2596 2483 columbani
2631 2432 2784 2504 cap.
2824 2429 3034 2484 xxx.
3071 2410 3349 2482 Biblio-

538 2525 725 2599 thee.
754 2526 1129 2600 Minorum
1150 2526 1456 2598 Patrum
1478 2549 1647 2622 pag.
1749 2533 1795 2567 ‘⁶
1818 2523 2093 2612 Gallus,
2116 2549 2206 2598 ex
2227 2525 2472 2598 Scotia
2486 2527 2926 2620 presbyter?
2986 2526 3346 2622 Magistro

538 2665 671 2716 suo
704 2667 749 2716 a
782 2642 1266 2716 Brnnechilde
1299 2641 1557 2715 Galliis
1590 2643 1929 2714 excedere
1951 2643 2186 2737 jusso,
2232 2643 2390 2736 ipse
2423 2642 2690 2714 ibidem
2735 2643 3105 2714 remansit.
3152 2641 3350 2713 Rhe-

539 2762 713 2857 gino
763 2760 984 2833 abbas
1033 2759 1304 2832 Chron.
1406 2758 1721 2832 Marian.
1776 2759 1902 2831 lib.
1958 2775 2076 2830 111.
2124 2758 2461 2832 Chr'onic.
2517 2781 2724 2831 anno
2743 2772 3344 2831 nccccxxxvn.

542 2890 587 2922 ‘⁸
620 2878 1069 2952 Monasteria
1098 2885 1513 2949 sanctorum
1543 2875 1951 2960 Scotorum,
2002 2873 2252 2948 Sancti
2301 2875 2496 2949 Galli
2546 2886 2621 2950 et
2669 2875 2915 2950 Sancti
2968 2873 3350 2958 Bonifacii‚

542 2998 711 3091 igne
746 2994 1342 3067 consumuntur.’'
1423 2991 1603 3065 Vita
1633 2994 1793 3089 ejus
1826 2994 2230 3065 luculenter
2261 2994 2534 3087 scripta
2563 3017 2610 3066 a
2633 2993 3038 3066 Walafrido
3061 2990 3350 3064 Strabo-

540 3135 653 3196 ne,
689 3111 949 3183 abbate
970 3109 1354 3205 Augiensi,
1382 3111 1577 3204 apud
1603 3109 1901 3182 Surium
1926 3117 2037 3180 est
2068 3120 2247 3180 tom.
2283 3125 2361 3179 V.
2396 3111 2514 3182 die
2547 3127 2721 3182 ΧΠ.
2761 3110 3016 3182 Octob.
3052 3133 3200 3204 quo
3233 3109 3348 3180 die

541 3228 698 3324 ejus
732 3227 1154 3298 memoriam
1186 3228 1437 3299 recolit
1470 3228 1785 3300 ecclesia.
1872 3226 2134 3298 Franc.
2172 3224 2690 3319 Maurolycus:
2744 3234 2787 3267 ‘⁶
2823 3225 2914 3297 In
2964 3225 3348 3297 Alemania

542 3343 617 3415 S.
654 3341 847 3414 Galli
880 3342 1186 3427 abbatia,
1222 3345 1515 3415 natione
1546 3341 1766 3428 Scoti,
1800 3355 1873 3416 et
1906 3340 2155 3413 Sancti
2182 3339 2614 3414 Columbani
2645 3343 3003 3434 discipuli,
3046 3344 3128 3414 in
3173 3343 3348 3414 Sue-

542 3462 663 3532 via
697 3458 1195 3553 quiescentis.'’
1298 3458 1525 3530 Plura
1571 3458 1622 3530 J
1624 3481 1783 3530 oan.
1831 3457 2192 3529 Trithem.
2245 3457 2372 3529 lib.
2409 3476 2534 3529 111.
2586 3458 2674 3530 de
2721 3459 2946 3533 illust.
2998 3457 3159 3531 Vir.
3209 3458 3349 3530 Or-

540 3577 689 3650 din.
726 3575 803 3647 S.
839 3573 1217 3646 Benedicti
1252 3598 1407 3669 cap.
1446 3593 1741 3647 Lxxvl.
1828 3576 2216 3668 Martyrol.
2249 3574 2467 3647 Rom.
2521 3583 2566 3618 ‘⁶
2598 3572 2823 3668 Apud
2855 3574 3232 3648 Arbonam
3267 3577 3348 3647 in

544 3690 939 3765 Germania
994 3689 1069 3764 S.
1132 3693 1324 3765 Galli
1383 3693 1687 3775 abbatis,
1746 3692 2079 3782 discipuli
2147 3691 2364 3764 Beati
2433 3690 2928 3765 columbani?
3054 3692 3348 3764 Monas-

540 3809 803 3881 terium
872 3809 1327 3900 splendidum
1392 3808 1797 3881 aedificavit
1865 3809 1955 3878 ad
2024 3807 2483 3880 Lidiniacum
2550 3804 2843 3892 flumen,
2927 3831 3053 3881 seu
3121 3808 3348 3880 Acro-

541 3927 841 3998 nianum
876 3927 1136 4010 lacum,
1186 3934 1274 3997 ut
1322 3924 1681 3996 Bruschio
1711 3927 1966 4016 placet,
2017 3932 2064 3966 ‘⁶
2098 3934 2351 3996 contra
2397 3924 2591 3996 idola
2637 3931 2930 3996 strenue
2979 3927 3349 3996 conciona-

542 4042 727 4114 tus.”
813 4039 1194 4114 Cornelius
1228 4041 1814 4133 Corvipolitanus
1841 4040 1967 4111 lib.
1994 4041 2083 4112 de
2110 4038 2530 4134 Temporib.
2567 4049 2612 4082 ‘⁶
2631 4039 2705 4112 S.
2735 4041 3012 4128 Gallus,
3041 4065 3080 4114 e
3107 4042 3348 4115 Scotia

541 4158 863 4239 veniens,
917 4159 1111 4250 apud
1169 4155 1546 4233 Helvetios
1605 4157 2121 4229 monasterium
2192 4156 2677 4230 aedificabat.”
2799 4157 3128 4252 Raphael
3187 4158 3347 4231 Ma·

542 4275 815 4368 phaeus
849 4271 1371 4346 volaterranus
1403 4273 1530 4345 lib.
1570 4289 1743 4342 XVI.
1779 4273 1868 4342 de
1899 4272 2036 4344 hoc
2074 4273 2416 4346 coenobio
2461 4283 2536 4346 et
2583 4275 2874 4368 oppido.
2975 4273 3050 4344 N
3053 4275 3348 4348 otkerus

541 4388 893 4461 Balbulus
951 4388 1033 4458 in
1088 4387 1567 4484 Martyrolog.
1628 4405 1804 4461 xv1.
1864 4390 2135 4459 calend.
2192 4387 2588 4462 Novembr.
2650 4399 2699 4434 “
2731 4384 3152 4464 Translatio
3201 4415 3352 4465 cor-

540 4506 736 4600 poris
802 4504 1048 4577 Sancti
1104 4503 1321 4589 Galli,
1372 4513 1445 4576 et
1494 4505 1849 4577 dedicatio
1899 4506 2236 4597 opiparas
2293 4514 2369 4577 et
2423 4506 2964 4578 decentissimae
3019 4507 3352 4579 basilicae

542 4622 795 4715 ipsius,
856 4643 1042 4714 quae
1094 4621 1286 4692 inter
1343 4621 1527 4693 duos
1577 4629 1858 4693 montes
1909 4619 2230 4693 Cirrium
2281 4631 2356 4693 et
2406 4620 3132 4694 VValtrammesberch
3183 4644 3351 4694 con-

543 4747 819 4810 structa
884 4747 1017 4821 est,
1087 4759 1131 4809 a
1198 4737 1495 4808 meridie
1550 4736 1820 4809 habens
1880 4733 2185 4810 fluvium
2241 4737 2608 4824 Steinaha,
2668 4737 2764 4810 ab
2826 4738 3160 4830 aquilone
3219 4737 3350 4812 flu-

543 4852 743 4924 vium
830 4851 1185 4951 Nigraha,
1269 4851 1399 4944 qui
1483 4853 1681 4926 locus
1764 4875 1855 4926 ex
1920 4854 2153 4946 ipsius
2219 4854 2414 4929 beati
2480 4855 2772 4930 nomine
2835 4852 3082 4928 Sancti
3157 4854 3349 4930 Galli
