4384 5817
1121 557 1248 626 194
1890 553 2359 626 HISTORIA
2400 553 3152 629 ECCLESIASTICA

1118 748 1463 830 rentibus,
1517 758 2080 839 componeretur.
2182 747 2415 820 Duaci
2472 759 2720 840 postea
2776 759 2851 822 et
2898 751 3207 823 doctoris
3258 761 3330 822 et
3378 754 3671 824 rectoris
3720 775 3950 823 onus·

1115 865 1482 946 sustinuit,
1531 863 1656 934 ubi
1699 885 1822 933 seu
1870 864 2174 934 tutelare
2220 885 2487 935 numen
2520 865 2915 936 etiamnum
2948 865 3387 948 celebratur3
3440 867 3533 936 ad
3564 869 3927 938 ultimum

1117 978 1496 1049 Nerviensi
1589 979 1920 1049 ecclesiae
2013 978 2227 1048 hodie
2306 979 2919 1070 poenitentiarius,
3004 982 3329 1076 ingentes
3411 991 3487 1052 et
3567 983 3927 1073 opinione

1113 1095 1254 1188 maj
1262 1115 1420 1164 ores
1455 1115 1708 1165 census
1741 1093 2056 1184 reliquit,
2095 1115 2275 1185 quos
2308 1101 2738 1165 testamento
2772 1094 3147 1166 Scotorum
3182 1094 3519 1169 Lutetiae
3553 1100 3681 1166 vix
3724 1098 3925 1166 bene

1113 1209 1415 1278 fundato
1451 1208 1851 1303 assignavit
1894 1208 2235 1303 Collegio,
2282 1209 2407 1278 sed
2458 1207 2709 1279 fraude
2754 1233 2883 1301 per
2930 1221 3337 1282 executores
3382 1211 3595 1293 facta,
3644 1207 3920 1303 parum

1112 1326 1232 1414 pio
1263 1325 1428 1394 usui
1463 1325 1777 1394 accessit.
1865 1321 2010 1418 Hic
2044 1324 2261 1394 etiam
2286 1325 2746 1417 juventutem
2787 1324 3109 1397 Thomae
3138 1325 3549 1418 Dempsteri
3583 1329 3921 1398 honestis

1111 1440 1403 1511 monitis
1481 1439 1574 1507 ad
1652 1439 1998 1510 virtutem
2083 1440 2581 1530 capessendam
2666 1443 3007 1525 accendit,
3091 1451 3341 1514 auctor
3419 1451 3509 1511 ut
3590 1443 3921 1513 triennio

1111 1555 1340 1626 Duaci
1407 1555 1827 1626 subsisteret
1891 1577 2052 1625 cum
2111 1555 2421 1648 juvenili
2504 1557 2780 1648 impetu
2865 1554 3177 1628 Parisios
3260 1558 3628 1650 cogitaret.
3761 1556 3919 1627 Vir

1113 1681 1268 1740 erat
1298 1690 1564 1766 magna
1605 1669 1982 1761 probitate,
2029 1681 2104 1740 et
2142 1671 2467 1764 jucunda
2515 1693 2820 1755 morum,
2872 1694 3092 1763 supra
3138 1693 3359 1764 quam
3408 1672 3598 1742 credi
3648 1673 3909 1762 possit,

1113 1787 1516 1870 suavitate3
1575 1807 1928 1878 nusquam
1991 1785 2329 1870 liberalis,
2390 1789 2529 1857 nisi
2590 1809 2749 1858 cum
2816 1791 2940 1879 pia
2994 1789 3316 1861 subesset
3376 1809 3609 1860 causa.
3710 1787 3911 1881 Ejus

1121 1911 1330 1973 sunt:

1409 2019 1791 2092 Orationes
1824 2019 2201 2091 Rectoriae
2759 2039 2881 2091 111.
2944 2019 3173 2091 Duaci
3206 2021 3647 2111 prodierunt.

1405 2133 1864 2230 Geographia
1897 2133 2239 2206 Universi
2589 2136 2713 2206 lib.
2752 2155 2860 2206 ιν.
2948 2134 3159 2207 Hanc
3203 2157 3349 2206 non
3392 2135 3565 2218 vidi,
3610 2145 3693 2204 ut
3734 2137 3907 2208 reli-

1505 2273 1669 2344 qua,
1704 2251 1829 2322 sed
1863 2273 2073 2343 saepe
2105 2273 2151 2320 a
2182 2250 2693 2322 recentioribus
2726 2251 3011 2334 citatur,
3054 2252 3475 2342 praesertim
3506 2273 3553 2321 a
3586 2249 3907 2324 Purcha-

1505 2371 1635 2449 sio,
1671 2367 1992 2462 Magino,
2028 2377 2100 2437 et
2132 2368 2314 2437 aliis·

1406 2483 1518 2554 De
1551 2482 1924 2554 Laudibus
1960 2483 2465 2574 Philosophiae
2990 2481 3114 2552 lib.
3156 2499 3207 2550 1.

1405 2598 1748 2692 Analysis
1781 2598 1860 2667 in
1891 2595 2310 2669 Aristotelis
2344 2595 2688 2692 Logicam
2996 2595 3118 2668 lib.
3156 2613 3209 2666 1.

1400 2712 1744 2808 Analysis
1777 2714 1856 2784 in
1887 2711 2302 2785 Aristotelis
2338 2711 2719 2805 Physicam
2994 2711 3116 2790 lib.
3156 2731 3206 2782 1.

1407 2823 1751 2922 Analysis
1786 2829 1866 2899 in
1899 2827 2317 2900 Aristotelis
2352 2827 2693 2900 Ethicam
2996 2829 3120 2900 lib.
3162 2847 3215 2898 1.

1405 2944 1750 3035 Analysis
1783 2944 1861 3013 in
1894 2942 2309 3015 Aristotelis
2344 2943 2911 3036 Metaphysicam
2995 2945 3117 3016 lib.
3160 2963 3209 3014 ῐ.
3256 2943 3438 3014 Tres
3459 2944 3727 3034 priores
3748 2945 3894 3038 legi

1507 3059 1806 3131 Parisiis
1840 3081 2182 3142 excusas;
2220 3082 2313 3130 an
2346 3069 2604 3152 quarta
2634 3061 3003 3151 prodierit,
3030 3059 3381 3131 affirmare
3414 3059 3609 3130 haud
3640 3059 3895 3140 ausim,

1503 3177 1656 3267 ipse
1689 3187 1878 3248 certe
1909 3176 2262 3268 promisit.

1404 3290 1778 3384 Epistolae
2984 3290 3106 3361 lib.
3150 3309 3201 3360 1.

1211 3409 1415 3481 Obiit
1449 3405 1760 3478 Tornaci
1793 3408 1870 3478 in
1903 3405 2199 3478 Nerviis
2234 3429 2423 3478 anno
2460 3423 2729 3477 MDcn.

1908 3636 2237 3712 DAVID
2286 3636 2819 3709 CHALMER.
2922 3640 3091 3710 351⁸.

1113 3873 1392 3942 DAvm
1447 3871 1800 3952 Chalmer,
1863 3873 2014 3941 sive
2064 3868 2540 3951 Camerarius,
2590 3867 3145 3954 AberdonensiS,
3208 3873 3285 3940 in
3334 3869 3591 3941 Galliis
3640 3869 3889 3940 celebri

1113 3990 1496 4058 admodum
1564 3987 1852 4057 nomine
1918 3986 2124 4066 vixit,
2194 3985 2308 4054 vir
2372 3987 2641 4056 multae
2698 3993 2772 4056 et
2835 3986 3077 4056 variae
3153 3985 3497 4070 lectioniS,
3584 4007 3712 4056 nec
3784 3987 3891 4054 in-

1114 4105 1390 4172 amoeni
1426 4103 1719 4197 ingenii.
1821 4099 2120 4192 Scripsit
2155 4098 2428 4171 Gallico
2463 4101 2797 4172 idiomate
2830 4103 3075 4184 varia3
3126 4112 3201 4173 et
3232 4103 3307 4172 in
3342 4103 3457 4172 his
3490 4110 3598 4173 est

1407 4215 1746 4309 Epitome
1805 4215 2253 4299 Pontificum,
2312 4214 2859 4308 Imperatorum,
2910 4215 3216 4311 Regum,
3264 4217 3677 4309 Rerumque
3736 4223 3889 4286 toto

1507 4332 1702 4403 Orbe
1733 4341 2122 4426 gestarum,
2626 4381 2629 4388 -
2986 4331 3109 4402 lib.
3146 4349 3199 4401 1.

1407 4449 1680 4520 Rerum
1715 4447 2152 4519 Scoticarum
2187 4445 2532 4538 Synopsis
2984 4447 3107 4520 lib.
3149 4467 3201 4518 1.

1215 4565 1421 4636 Vixit
1447 4585 1636 4635 anno
1665 4579 2066 4633 MDLxxn.
2136 4560 2426 4632 Laudat
2450 4561 2853 4634 Richardus
2877 4562 3095 4635 Vitus
3130 4563 3253 4635 lib.
3286 4583 3339 4634 1.
3376 4563 3570 4635 Hist.
3608 4563 3886 4634 Britan.

1115 4693 1288 4753 nota
1317 4698 1632 4752 xxxm.
1669 4680 1791 4751 lib.
1831 4695 1940 4749 lv,
1975 4687 2146 4750 nota
2183 4695 2234 4746 1.
2270 4676 2393 4748 lib.
2430 4695 2541 4748 v1.
2578 4687 2751 4749 nota
2782 4696 3053 4749 xxvn.
