4384 5817
1246 570 1604 641 GENTIS
1651 564 2211 646 scoToRUM,
2260 562 2443 633 LIB.
2492 564 2547 631 1.
3208 565 3293 629 23

493 770 818 843 tanniam
871 765 1326 855 Sentiumque
1385 760 1783 858 navigavit,
1839 759 2006 831 inde
2061 778 2229 845 cum
2283 757 2655 852 virginum
2700 754 2921 827 choro
2978 752 3289 827 Romam

491 886 904 979 perductuS,
965 878 1222 949 iisdem
1279 876 1662 950 comitibus
1721 873 2094 947 Coloniam
2151 880 2503 955 revectus,
2561 870 2897 965 martyrii
2952 872 3288 962 palmam,

493 1002 760 1073 tenello
803 1018 1100 1087 corpore
1142 996 1474 1077 lacerato,
1516 992 1876 1086 percepit3
1929 988 2106 1081 quid
2145 990 2343 1060 enim
2386 988 2586 1061 aliud
2628 987 3161 1060 sanctissimum
3210 987 3298 1057 il-

405 1175 412 1183 .
493 1118 648 1188 lum
677 1112 1108 1209 sanguinem
1135 1118 1212 1181 et
1245 1108 1732 1203 pientissimus
1765 1105 2073 1200 majores
2107 1104 2399 1176 decebat
2418 1102 2455 1174 Ρ

596 1230 866 1301 Passus
901 1249 1088 1301 anno
1117 1243 1402 1298 cnmv.
1435 1226 1700 1298 colitur
1729 1224 1848 1296 die
1881 1238 2062 1293 xxx.
2097 1220 2393 1293 Octobr.
2442 1228 2693 1293 auctor
2724 1228 2835 1292 est
2868 1218 3131 1291 Petrus
3163 1216 3289 1289 lib.

499 1364 616 1419 11.
650 1345 976 1441 catalog.
1013 1364 1166 1435 cap.
1205 1358 1528 1413 xxcvn.
1627 1338 1855 1411 Plura
1885 1336 2079 1409 infra
2107 1337 2235 1411 lib.
2272 1354 2419 1409 vn.
2452 1337 2534 1409 in
2566 1334 2639 1407 S.
2682 1330 3069 1410 Geresina.

1531 1570 1608 1643 S.
1657 1566 2046 1642 AUREA.
2148 1573 2270 1641 22.

499 1806 574 1878 S.
610 1804 936 1886 AUREA,
971 1804 1180 1900 virgo
1213 1802 1598 1887 Ursulana,
1633 1800 1708 1875 S.
1742 1800 2054 1875 Adriani
2085 1820 2310 1884 soror,
2344 1800 2537 1896 regis
2570 1797 2854 1871 Siciliae
2898 1818 2989 1869 ex
3032 1794 3107 1868 8.
3154 1796 3291 1869 Ge-

495 1914 2924 2011 minafilQOoloniaeaannniupostlongoslaboresitineris,
2970 1934 3171 1987 caesa
3214 1913 3293 1984 in

493 2036 728 2107 coelos
758 2035 1122 2119 evolavit;
1169 2032 1436 2105 colitur
1465 2054 1640 2104 vero
1671 2032 1938 2105 ibidem
1969 2033 2108 2104 loci
2135 2054 2307 2104 cnm
2342 2032 2517 2103 suis.

597 2150 824 2223 Pam
869 2162 982 2221 eat
1024 2170 1220 2221 anno
1263 2165 1552 2221 conv·
1607 2165 1788 2221 ΠΙ.
1835 2146 2134 2220 Octobr.
2236 2147 2500 2219 Petrus
2552 2149 2707 2219 looo
2762 2146 3087 2239 proxime
3136 2146 3293 2217 lau·

491 2267 690 2350 duo,
721 2274 800 2337 et
823 2264 1236 2337 Chronicon
1267 2262 1790 2337 chronicorum
1819 2284 1914 2333 ex
1945 2262 2124 2335 actis
2157 2262 2605 2335 Golonieneia
2637 2261 2988 2335 ecclesiae.

1293 2544 1302 2555 ·
1459 2494 1542 2567 8.
1594 2492 2102 2566 ALBANUS.
2204 2498 2325 2565 23.

497 2729 578 2801 8.
631 2728 1057 2814 Amanus,
1107 2728 1306 2822 quod
1363 2748 1410 2798 a
1459 2727 1769 2799 vetustis
1819 2724 2291 2818 scriptoribus
2343 2724 2743 2797 Britannus
2790 2724 3169 2810 diceretur,
3218 2726 3297 2797 id

499 2848 582 2917 in
607 2866 762 2917 rem
797 2864 1000 2917 satam
1043 2845 1358 2939 maligne
1403 2842 1632 2939 Angli
1678 2850 2060 2924 vertentem
2106 2840 2434 2937 Anglum
2468 2864 2508 2913 e
2540 2842 2869 2937 vestigio,
2912 2850 2999 2913 ut
3030 2845 3297 2914 multoe

499 2961 702 3044 alios,
731 2982 1106 3054 perperam
1152 2960 1429 3033 fecere':
1485 2964 2038 3055 cognomentum
2089 2956 2553 3031 vendemius
2596 2959 2691 3031 ab
2730 2958 2995 3050 oppido
3036 2958 3299 3030 sancti-

501 3084 675 3160 tate,
732 3086 820 3149 ut
875 3088 1078 3169 puto,
1137 3097 1272 3147 sua
1327 3075 1700 3146 celebrato.
1823 3071 1963 3143 Vir
2018 3072 2164 3145 fuit
2220 3095 2367 3144 non
2424 3074 2875 3146 mediocriter
2930 3074 3011 3145 in
3075 3073 3295 3146 sacris

501 3191 730 3263 literis
764 3200 1140 3263 versatus:
1189 3190 1328 3263 sub
1358 3187 1792 3261 Diocletiani
1823 3188 2211 3282 tyrannide
2237 3210 2288 3259 a
2319 3188 2669 3261 Romanis
2702 3190 3053 3261 militibus
3092 3212 3297 3281 prae-

501 3307 816 3378 sidiariis
873 3308 1317 3379 truculenter
1369 3304 1723 3397 martyrio
1771 3313 1883 3376 est
1931 3304 2249 3389 affectus,
2299 3306 2577 3398 primus
2625 3306 2706 3376 in
2754 3328 2841 3377 ea
2886 3306 3125 3377 insula
3170 3306 3297 3398 qui

501 3440 792 3494 causan
839 3420 1116 3494 Christi
1157 3420 1324 3493 fuso
1368 3420 1720 3515 sang-uine
1763 3421 2115 3504 asseruit3
2165 3442 2301 3493 nee
2344 3422 2726 3514 quisquam
2766 3442 2915 3494 non
2960 3444 3045 3493 eo
3085 3420 3298 3492 modo

501 3539 760 3622 seculo,
791 3538 920 3609 aed
953 3556 1084 3609 nee
1115 3537 1366 3609 multis
1399 3544 1590 3629 post,
1623 3534 2084 3609 Christianus
2117 3558 2204 3609 eo
2232 3544 2474 3609 tractu
2504 3536 2793 3632 Anglus
2834 3546 3297 3618 memoratur,

502 3663 592 3726 ut
623 3674 908 3727 ueoeese
939 3652 1041 3726 sit
1063 3672 1240 3725 eum
1273 3652 1580 3726 Scotum
1623 3650 1868 3723 fuisse.
1969 3652 2249 3723 Deinde
2276 3654 2531 3724 doctor
2560 3652 2787 3745 ipsius
2818 3650 2964 3723 fuit
2994 3650 3299 3723 Sanctus

505 3768 1012 3861 Amphibalus,
1073 3779 1160 3843 ut
1215 3770 1336 3841 hic
1391 3767 1606 3840 infra.
1729 3766 2102 3841 Recolitnr
2159 3776 2314 3839 tam
2370 3768 2665 3861 gloriosi
2720 3766 2896 3839 facti
2952 3768 3301 3838 memoria

503 3900 720 3955 xxa.
749 3882 984 3957 Iunii.
1081 3884 1562 3979 ¹martyrolog.
1600 3882 2035 3967 Romanum,
2073 3882 2333 3953 Franc.
2370 3882 2858 3976 MaurolycuS,
2893 3881 3295 3967 Usuardus,

503 4000 700 4072 Petr.
737 3998 1168 4085 GaleeiniuS,
1203 4001 1332 4094 qui
1362 4008 1572 4073 notat
1604 4023 1649 4072 a
1673 3998 2225 4071 Colonienaibus
2261 3997 2661 4070 Albuinum
2706 4001 3004 4083 dictum,
3046 4020 3296 4093 perpe-

501 4138 656 4189 ram
682 4138 704 4201 ;
767 4126 844 4188 et
875 4114 1282 4189 Venantiue
1315 4114 1760 4189 Fortunatus
1789 4133 1811 4186 τ

1107 4228 1406 4289 Albanum
1429 4228 1730 4308 egregium
1753 4224 2039 4289 foecunda
2063 4224 2369 4287 Britannia
2390 4226 2631 4306 profert.

501 4341 726 4415 Gesta
779 4343 939 4439 ejm
999 4342 1219 4415 habes
1277 4342 1474 4435 apud
1529 4340 1822 4413 Gildam
1879 4340 2293 4433 Sapientem
2350 4342 2439 4413 de
2506 4340 2815 4415 Excidio
2874 4342 3297 4416 Britanniae

499 4458 688 4529 cirea
720 4459 1180 4552 principium,
1215 4458 1492 4531 Bedam
1537 4458 1660 4529 lib.
1711 4476 1765 4527 1.
1815 4456 2094 4529 Histor.
2142 4456 2366 4553 Angl.
2406 4480 2569 4550 cap.
2618 4476 2729 4531 vl.
2776 4475 2922 4530 vn.
2968 4482 3155 4552 quae
3184 4460 3297 4531 fu-

503 4596 579 4644 ae
611 4574 704 4645 ab
735 4572 1026 4647 Uvione
1057 4576 1286 4647 literis
1319 4584 1492 4647 sunt
1523 4574 1964 4669 consignata,
2013 4583 2100 4645 ut
2147 4582 2457 4646 testatur
2487 4573 2537 4644 J
2538 4596 2802 4647 oannes
2838 4574 3173 4647 Molanus
3206 4576 3299 4647 ad

503 4688 822 4760 Usum-di
855 4690 1484 4786 Martyrologium.
1587 4687 1925 4760 Meminit
1958 4689 2477 4763 Constantinus
2508 4692 2589 4763 in
2630 4688 2805 4764 Vita
2844 4690 2919 4763 S.
2956 4690 3295 4764 Germani

502 4802 1135 4879 Altiseiodoremie
1165 4804 1292 4879 lib.
1323 4822 1376 4876 1.
1404 4828 1558 4901 cap.
1587 4822 1732 4877 xx.
1809 4802 2096 4899 Scripta
2127 4804 2219 4877 ad
2252 4828 2368 4878 me
2399 4828 2547 4880 non
2570 4815 3071 4901 pervenerunt,
3097 4828 3295 4899 prae-
