4384 5817
1239 529 1592 598 GENTIS
1639 528 2198 610 SCOTORUM,
2246 529 2427 598 LIB.
2474 533 2605 600 111.
3193 537 3321 604 187

523 717 778 801 Gallia,
811 719 1070 792 aetatis
1105 741 1276 790 suae
1309 741 1498 790 anno
1533 737 1888 792 LXXXIV.
1923 721 2176 792 salutis
2233 738 2631 793 Dccxxw.
2734 721 3028 797 Scotum
3073 724 3317 796 inveni

527 834 604 904 in
637 833 970 905 Historia
999 835 1238 926 patria
1273 833 1568 905 Henrici
1603 833 1906 907 Sinclari
1940 834 2385 908 Glascoensis
2421 838 2957 930 archiepiscopi,
3002 839 3127 910 sed
3172 862 3319 910 non

529 947 906 1043 suffragor,
942 950 1068 1042 qui
1093 951 1172 1020 in
1192 947 1466 1044 Anglia
1495 958 1736 1022 ortum
1771 952 2144 1036 existim03
2181 961 2424 1024 tamen
2456 954 2665 1024 silere
2698 954 2893 1047 quod
2915 955 3147 1046 reperi
3175 977 3319 1026 non

525 1063 924 1154 oportebat.

1445 1297 1520 1368 S.
1572 1294 2025 1368 CIBTACU
2024 1295 2097 1368 S.
2204 1302 2372 1368 235.

525 1525 595 1596 S.
632 1525 1068 1608 ΟΙΒΤΑΟΠΒ,
1114 1527 1267 1597 sive
1313 1525 1724 1611 Cibthacus,
1775 1549 1965 1598 unus
2020 1551 2112 1598 ex
2165 1529 2309 1600 illis
2366 1528 2737 1600 duodecim
2794 1529 3173 1600 comitibus
3219 1528 3315 1600 D.
3376 1597 3385 1605 .

526 1639 936 1723 Columbae,
972 1641 1098 1734 qui
1132 1641 1486 1712 indefesso
1519 1642 1760 1713 labore
1792 1645 2140 1734 populum
2188 1643 2549 1714 Scoticum
2598 1643 3093 1737 Picticumque
3136 1645 3317 1715 divi-

524 1777 698 1826 num
731 1757 1006 1826 cultum
1039 1756 1456 1840 docuerunt,
1490 1758 1778 1849 quique,
1813 1780 1898 1828 eo
1933 1759 2012 1829 in
2047 1758 2475 1830 Hiberniam
2507 1760 2921 1854 navigante,
2956 1760 3197 1830 sedem
3240 1761 3318 1832 in

524 1868 704 1942 Iona
751 1871 992 1942 insula
1033 1871 1350 1942 fixerunt
1392 1874 1790 1943 multorum
1837 1873 2350 1944 monachorum
2405 1883 2669 1966 patres,
2728 1896 2898 1944 nam
2950 1895 3179 1967 usque
3224 1877 3317 1947 ad

523 2007 678 2056 eam
711 1993 1016 2057 aetatem
1053 1989 1292 2056 nullae
1325 1987 1836 2058 monachorum
1870 1990 2478 2082 congregationes,
2530 1990 2657 2060 sed
2700 2011 2970 2072 omneS,
3004 1991 3318 2062 eremiti-

523 2124 602 2172 co
632 2102 808 2184 ritu,
853 2102 934 2172 in
965 2102 1160 2196 agris
1193 2111 1324 2173 aut
1374 2103 1632 2173 vicinis
1681 2101 1982 2174 urbibus
2033 2105 2367 2196 villisque
2416 2103 2845 2187 habitantes,
2894 2103 3053 2176 Deo
3093 2105 3318 2178 inser-

523 2216 836 2306 viebant.
939 2217 1231 2288 Primus
1265 2215 1356 2287 D.
1393 2216 1742 2288 Columba
1775 2217 2112 2288 coenobia
2145 2219 2488 2302 instituit,
2524 2227 2599 2290 et
2629 2221 2918 2311 piorum
2940 2220 3315 2294 hominum

523 2333 874 2416 sodalitia,
927 2341 1016 2402 ut
1071 2332 1178 2402 ita
1221 2332 1552 2414 dixerim,
1598 2333 1692 2401 ad
1733 2334 2072 2423 pietatem
2119 2343 2441 2424 spectare
2492 2335 2861 2406 indicavit.
2912 2334 3012 2406 H.
3055 2335 3313 2408 Boeth.

523 2446 644 2517 lib.
676 2467 794 2518 lx.
819 2446 1100 2518 Histor.
1137 2447 1329 2518 Scot.
1365 2464 1681 2517 evan.
1717 2447 1904 2518 Erat
1936 2456 2180 2518 autem
2216 2447 2605 2521 Cibthacus
2640 2472 3025 2544 germanus
3051 2449 3317 2523 Etber-

526 2563 721 2646 nani,
759 2571 834 2632 et
867 2583 1088 2654 nepos
1123 2585 1213 2634 ex
1244 2561 1470 2633 fratre
1501 2563 1597 2632 D.
1636 2560 2045 2634 Columbae.
2150 2562 2239 2633 In
2276 2561 2401 2634 SS.
2438 2567 2709 2636 relatus
2754 2587 3159 2649 numerum,
3194 2569 3317 2638 sed

527 2677 642 2748 die
662 2678 958 2748 incerto.
1020 2676 1325 2748 Arnold.
1362 2675 1629 2748 Uvion.
1651 2674 1776 2748 lib.
1808 2696 1932 2750 111.
1959 2678 2180 2774 Ligni
2204 2675 2357 2750 Vit.
2394 2702 2561 2775 pag.
2597 2698 2863 2753 cnxn.
2898 2679 2950 2752 J
2950 2704 3107 2754 oan.
3144 2681 3317 2756 Les-

532 2795 726 2864 laeus
759 2792 884 2863 lib.
922 2811 1032 2862 IV.
1135 2790 1438 2884 Scripsit

823 2906 936 2978 De
972 2906 1372 2979 Gentilium
1405 2905 1800 2980 Erroribus
2308 2911 2433 2984 lib.
2473 2931 2525 2982 1.

823 3023 938 3094 De
973 3023 1230 3094 Gratia
1258 3021 1398 3093 Dei
2310 3027 2433 3098 lib.
2472 3045 2525 3098 1.

820 3137 935 3209 De
971 3137 1512 3211 Gubernatione
1545 3137 1683 3210 Dei
2310 3142 2436 3214 lib.
2474 3159 2529 3212 1.

825 3251 1194 3344 Epistulas
2306 3258 2429 3329 lib.
2470 3276 2523 3328 1.

626 3369 914 3440 Floruit
947 3369 1141 3461 apud
1173 3378 1531 3443 nostrates
1565 3373 1802 3442 seculo
1843 3373 2130 3464 piorum
2174 3381 2247 3443 et
2290 3373 2665 3444 doctorum
2713 3354 3089 3447 hominum
3132 3376 3315 3448 fera-

527 3484 830 3568 cissimo,
867 3483 1004 3556 sub
1036 3483 1384 3556 Conuallo
1418 3487 1686 3557 scilicet
1719 3509 1910 3581 rege,
1943 3496 2016 3558 et
2040 3487 2417 3559 Bonifacio
2444 3485 2574 3559 IV.
2608 3490 2963 3581 pontifice,
3010 3493 3137 3585 qui
3188 3514 3313 3562 an-

528 3623 665 3674 nus
693 3599 838 3672 fuit
871 3600 1123 3672 salutis
1157 3608 1527 3692 reparatae
1560 3618 1693 3672 Dc.
1783 3600 1834 3671 J
1835 3625 1994 3673 oan.
2030 3601 2369 3674 Leslaeus
2403 3603 2525 3673 lib.
2568 3621 2676 3675 Π.
2712 3626 2875 3700 pag.
2914 3625 3110 3734 sul.

1470 3946 1544 4017 S.
1598 3947 2086 4021 CAROLUS.
2191 3949 2359 4022 236.

531 4177 602 4249 S.
667 4175 1050 4248 CAROLUS
1119 4179 1212 4248 ad
1280 4177 1768 4270 episcopatum
1839 4180 2383 4276 Corcagiensem
2460 4185 2539 4254 in
2622 4184 2975 4256 Hibernia
3050 4187 3313 4259 divini-

529 4302 644 4364 tus
701 4295 964 4364 electus
1009 4293 1326 4365 traditur
1369 4317 1414 4364 a
1459 4292 1532 4363 S.
1569 4291 1942 4393 Bernardo
1985 4297 2062 4368 in
2097 4294 2274 4368 Vita
2317 4298 2391 4369 S.
2430 4299 2847 4383 Malachiae,
2893 4308 2967 4372 et
3004 4324 3117 4374 res
3162 4312 3317 4374 tota

532 4407 630 4478 sic
681 4429 758 4478 se
806 4407 1046 4478 habet.
1148 4406 1450 4479 Carolus
1494 4410 1583 4478 ad
1629 4409 2037 4482 invisendas
2083 4410 2153 4481 S.
2202 4412 2496 4486 Patricii
2541 4415 2878 4509 reliquias
2924 4417 3002 4487 in
3053 4416 3314 4489 Hiber-

531 4523 720 4593 niam
780 4545 858 4593 se
927 4524 1348 4607 contulerat,
1427 4533 1498 4595 et
1563 4523 1700 4595 sub
1758 4525 1949 4596 idem
2017 4528 2227 4618 plane
2296 4538 2577 4621 tempus
2643 4531 2914 4603 obierat
2982 4531 3316 4628 Corcagi-

531 4639 718 4710 ensis
772 4640 1122 4723 antistes3
1171 4648 1247 4709 at
1293 4639 1544 4724 clerus,
1595 4648 1680 4710 ut
1724 4641 1790 4710 ei
1835 4662 2308 4714 successorem
2361 4645 2788 4740 designaret,
2838 4649 3036 4718 varie
3078 4669 3315 4718 move-

533 4751 767 4837 batur,
833 4753 1264 4846 quibusdam
1345 4777 1478 4828 suo
1554 4756 1923 4828 commodo
1989 4755 2463 4843 studentibus,
2534 4761 2694 4834 aliis
2760 4763 3009 4835 mundi
3075 4763 3313 4856 potius

1893 4887 1946 4942 Τ
