4384 5817
1312 568 1667 639 GENTIS
1714 566 2273 650 scoTORUM,
2322 566 2502 637 LIB.
2552 568 2607 636 1.
3275 572 3356 636 81

1508 877 1583 947 S.
1634 874 2111 948 AUGURIU
2111 877 2187 948 S.
2293 878 2411 946 40.

550 1114 623 1185 S.
675 1109 1136 1195 Auemuns,
1185 1109 1577 1205 Augulius,
1628 1106 1888 1190 Aulus,
1941 1106 2304 1202 Augulus,
2357 1108 2474 1179 vir
2517 1107 3034 1193 sanctissimus,
3086 1110 3352 1203 episco-

548 1240 801 1329 patum
846 1227 925 1296 in
969 1226 1357 1299 Britannia
1399 1224 1647 1321 gessit,
1693 1225 1768 1294 id
1803 1232 1935 1306 est,
1982 1221 2242 1307 Scotia,
2278 1246 2448 1295 nam
2482 1245 2565 1295 eo
2599 1224 2838 1295 seculo
2871 1224 3054 1295 nulli
3087 1224 3169 1297 in
3201 1224 3356 1299 An-

551 1348 699 1441 glia
742 1342 1163 1427 Christiani,
1212 1342 1569 1436 siquidem
1615 1340 1853 1433 prima
1896 1338 2253 1434 evangelii
2299 1340 2612 1431 receptio
2659 1350 3074 1425 evanuerat,
3107 1362 3238 1413 nec
3271 1342 3349 1415 S.

550 1458 1038 1556 Augustinus,
1084 1458 1281 1531 illius
1324 1458 1563 1553 gentis
1606 1456 2099 1529 sanctissimus
2146 1456 2535 1547 apostolus,
2583 1457 2994 1540 advenerat,
3039 1462 3127 1528 ut
3169 1458 3356 1529 clare

554 1576 902 1649 successio
950 1574 1297 1668 temporis
1346 1574 1641 1645 indicat.
1747 1570 2202 1643 Hunibertus
2253 1592 2427 1641 sane
2477 1568 2756 1655 Scotus,
2811 1571 3120 1663 scriptor
3169 1574 3356 1644 anti·

552 1692 963 1785 quissimus,
996 1691 1076 1761 in
1110 1712 1245 1761 sua
1278 1689 1633 1772 Historia,
1668 1688 1826 1783 eJus
1860 1687 1939 1757 in
1980 1684 2222 1757 Scotia
2265 1685 2564 1769 labores,
2611 1686 3240 1778 praedicationem,
3285 1696 3358 1760 et

554 1807 901 1879 miracula
931 1806 1233 1877 extollit.
1336 1802 1643 1897 Scripsit

852 1918 967 1991 De
1000 1918 1181 1990 Fide
1213 1920 1609 2014 plantanda
2351 1914 2477 1988 lib.
2515 1934 2570 1991 1.

857 2033 970 2106 De
1006 2034 1217 2131 Fuga
1247 2034 1778 2105 Persecutionis
2345 2032 2472 2103 lib.
2510 2050 2562 2101 1.

652 2149 921 2222 Passus
969 2158 1079 2222 est
1129 2148 1639 2245 Augustae-in
1687 2149 2074 2220 Britannia
2123 2164 2273 2218 vn.
2326 2146 2708 2219 Februarii
2769 2170 2958 2221 anno
3023 2164 3351 2223 cchxl.

556 2266 888 2351 Ghinius,
922 2264 1448 2349 Genebrardus,
1488 2264 1887 2337 Usuardus.
1973 2262 2540 2335 wandelbertus
2578 2263 3028 2337 Prumiensis
3058 2283 3078 2335 ε

1156 2376 1415 2456 Augule,
1440 2378 1699 2459 septenis
1722 2376 2009 2438 mundum
2038 2374 2320 2437 vincendo
2343 2374 2686 2456 triumphas.

654 2492 941 2567 Colitur
971 2509 1120 2564 vn.
1156 2491 1557 2565 Februarii.

1528 2689 1603 2762 S.
1653 2687 2151 2762 AURELIA.
2256 2692 2378 2761 41.

554 2836 631 2912 S.
681 2837 1099 2924 AURELIA,
1152 2837 1678 2911 Ursulanarum
1723 2860 1893 2922 una,
1939 2860 2104 2909 cum
2150 2836 2362 2909 sociis
2405 2857 2620 2929 passa
2662 2857 2812 2909 non
2855 2847 2988 2921 est,
3033 2842 3156 2911 sed
3200 2840 3358 2915 Deo

556 2955 1013 3047 permittente
1070 2956 1463 3051 majoribus
1522 2954 1887 3026 laboribus
1947 2960 2337 3035 reservata,
2391 2952 2698 3025 eundem
2746 2961 2991 3026 tamen
3037 2955 3361 3045 felicissi-

556 3068 759 3141 mum
806 3068 1023 3141 finem
1072 3078 1185 3142 est
1233 3071 1512 3153 sortita,
1564 3071 1967 3163 coliturque
2021 3085 2162 3142 XV.
2217 3068 2476 3141 Octob.
2584 3065 2849 3142 Petrus
2899 3068 3231 3145 Canisius
3281 3074 3362 3144 in

558 3182 1107 3281 Martyrologio.

652 3296 917 3371 Annus
950 3322 1114 3373 cum
1148 3301 1311 3373 aliis
1344 3299 1745 3372 communis
1780 3314 2065 3372 cDLIV.

1460 3496 1535 3569 S.
1585 3492 2241 3569 AUTBERTUS.
2344 3500 2463 3569 42.

554 3644 633 3716 S.
684 3643 1215 3731 Amnum-ns,
1265 3646 1641 3738 episeopus
1691 3643 2083 3729 cameraci,
2142 3666 2291 3717 non
2351 3643 2630 3729 Scotus,
2687 3646 2815 3717 sed
2863 3644 3357 3737 pientissimus

558 3758 937 3831 Scotorum
994 3761 1609 3855 peregrinantium
1667 3767 2038 3850 susceptor
2091 3768 2165 3831 et
2222 3761 2532 3852 hospes:
2607 3760 2710 3832 sic
2765 3762 2958 3832 enim
3019 3762 3356 3834 Molanns

563 3870 890 3945 Indiculo
924 3874 1049 3946 SS.
1087 3874 1325 3969 Belgii
1357 3896 1525 3968 pag.
1562 3891 1738 3945 ΧΠ.
1775 3884 1821 3916 “
1848 3873 1920 3945 S.
1950 3872 2336 3960 Autberto‚
2371 3876 2700 3969 episcopo
2733 3874 3254 3961 cameracensi,
3278 3898 3358 3949 se

558 3988 1054 4084 adjunxerunt
1084 3990 1297 4061 multi
1340 3990 1709 4081 apostolici
1752 3990 2274 4080 praedicatores
2317 4012 2408 4061 ex
2453 3989 2696 4063 Scotia
2737 4000 2812 4063 et
2855 3988 3153 4063 Gallia.”
3251 3988 3358 4062 Et

557 4103 747 4176 hanc
778 4108 1089 4200 gratiam
1124 4104 1393 4196 hospiti
1426 4126 1559 4175 suo
1592 4102 1833 4175 Scotia
1866 4107 2173 4197 reponit,
2209 4104 2711 4177 beneficiorum
2743 4106 3046 4180 memor.

660 4218 863 4289 Haec
926 4220 1327 4313 agebantur
1390 4219 1577 4290 circa
1644 4240 1951 4314 regnum
2018 4218 2473 4313 Ferquhardi
2540 4218 2641 4292 11.
2709 4220 3087 4294 Scotorum
3131 4222 3356 4317 regis,

558 4352 753 4405 anno
784 4350 1127 4407 Dchvl.
1680 4384 1693 4393 .

1473 4530 1549 4603 S.
1599 4527 2221 4603 ANATOLIUS.
2326 4535 2445 4604 43.

564 4678 637 4751 S-
699 4677 1198 4751 Ammonos
1256 4694 1345 4751 ex
1406 4702 1655 4751 eorum
1712 4678 2089 4751 Scotorum
2154 4699 2478 4764 numero,
2548 4680 2674 4773 qui
2736 4676 3234 4752 Innocentium
3295 4680 3357 4753 1.

559 4792 967 4886 pontificem
1028 4794 1277 4879 secuti,
1340 4804 1427 4867 ut
1486 4794 1843 4867 Mantissa
1893 4790 2315 4885 Apparatus
2377 4794 2747 4871 Historiae
2775 4794 3121 4883 ⁸Scoticae
3185 4818 3350 4894 pag.
