4384 5817
1099 565 1230 630 144
1861 565 2331 637 HISTORIA
2376 565 3127 638 ECCLESIASTICA

1097 737 1372 828 lentum
1407 757 1823 828 coenobium
1857 759 2048 830 inter
2076 755 2303 850 Alpes
2337 757 2621 831 Coctias
2654 759 3037 842 exstmxit,
3072 760 3263 852 quod
3298 767 3544 852 postea
3584 762 3664 832 in
3714 762 3891 833 civi-

1097 880 1321 942 tatem
1377 873 1810 956 traductum,
1870 872 2088 944 Bobii
2140 873 2397 945 habuit
2448 876 2773 946 nomen.’'
2893 872 3173 946 Eadem
3228 874 3557 948 Leander
3604 875 3887 948 Albert.

1101 983 1284 1057 falso
1329 987 1647 1078 prodidit
1692 988 1772 1058 in
1802 985 2308 1081 Descriptione
2351 986 2696 1085 Liguriae
2738 1011 2902 1084 pag.
2940 1007 3397 1062 cchxvnl.
3479 990 3771 1064 Platina
3810 993 3887 1062 in

1097 1101 1474 1174 Bonifacio
1509 1099 1641 1172 IV.
1695 1111 1740 1144 “
1775 1100 2267 1175 columbanus
2300 1103 2541 1187 abbas,
2576 1105 2693 1176 vir
2722 1103 3239 1189 sanctissimus,
3271 1127 3531 1200 genere
3579 1105 3885 1189 Gothus,

1099 1225 1186 1287 ut
1218 1217 1512 1309 quidam
1547 1217 1928 1302 affirmant,
1963 1241 2054 1289 ex
2087 1215 2327 1290 Scotia
2372 1219 2451 1290 in
2500 1219 3003 1315 Burgundiam
3054 1221 3291 1312 primo
3330 1221 3625 1291 veniens
3674 1219 3891 1292 Lixo-

1095 1333 1340 1402 viense
1371 1334 1884 1404 monasterium
1917 1335 2299 1419 exstruxit,
2347 1335 2601 1406 deinde
2634 1337 2713 1406 in
2746 1333 3035 1406 Italiam
3066 1336 3433 1430 pergens?
3468 1333 3607 1408 &c.
3714 1335 3885 1406 Cor·

1092 1447 1268 1541 rige,
1321 1455 1365 1488 ‘⁶
1401 1442 1872 1518 Luxoviem
1901 1451 2419 1522 monasterium
2454 1450 2878 1522 exstruxit.'’
2978 1447 3067 1520 In
3117 1448 3437 1521 Concilio
3484 1449 3889 1526 Aureliani-

1095 1563 1248 1634 ensi
1285 1581 1362 1632 V.
1405 1563 1582 1634 haec
1611 1565 1908 1634 nomina
1937 1563 2235 1635 confusa
2258 1587 2446 1636 anno
2468 1581 2763 1635 Dxmx.
2844 1564 2959 1636 Ibi
2982 1566 3175 1636 enim
3210 1573 3257 1606 ‘⁶
3288 1563 3661 1638 Sabaudus
3694 1565 3891 1637 Lux-

1093 1678 1404 1749 oviensis
1448 1679 1880 1770 episcopus,'’
1914 1679 2038 1750 sed
2071 1681 2229 1773 lege
2280 1673 2755 1750 Lemniensis
2784 1679 3207 1772 episcopus:
3256 1701 3427 1750 nam
3474 1679 3885 1752 Luxovium

1093 1795 1506 1864 coenobium
1549 1793 1624 1862 in
1677 1791 2128 1888 Burgundia‚
2177 1793 2577 1866 Lexovium
2628 1795 2827 1866 sedes
2878 1797 3294 1888 episcopalis
3340 1796 3419 1866 in
3468 1794 3545 1865 N
3544 1799 3882 1880 omnnia,

1093 1911 1314 2002 vulgo
1348 1903 1708 1988 Licham,-
1739 1916 1812 1978 et
1847 1910 1972 1980 alii
2005 1911 2269 1982 erroris
2318 1931 2673 2001 sequaces.
2766 1909 3209 1982 Coenobium
3240 1909 3375 1980 hoc
3407 1909 3753 1982 Saxonice
3782 1912 3885 1982 di-

1093 2023 1388 2095 cebatur
1429 2026 1604 2095 olim
1653 2024 1999 2116 Scaphus.
2105 2022 2521 2098 Translatio
2568 2022 2644 2106 S.
2681 2024 3131 2109 Bernwardi,
3176 2025 3345 2096 edit.
3380 2023 3733 2097 Browerii
3766 2049 3885 2118 pa-

1091 2140 1266 2234 gina
1299 2158 1414 2210 Lx
1423 2159 1469 2211 1.
1509 2161 1600 2210 ex
1626 2138 2178 2234 Tangwardone
2214 2140 2632 2233 presbytero
2669 2139 3371 2211 Hildeneshemensis
3406 2141 3739 2234 episcopi.

1187 2254 1532 2337 Quinimo
1565 2257 1642 2326 in
1675 2264 1881 2327 tanta
1914 2257 2343 2328 certitudine
2376 2265 2547 2326 sunt
2581 2254 2775 2339 Itali,
2824 2256 2953 2348 qui
2998 2255 3315 2328 Bobium
3358 2278 3507 2327 non
3556 2258 3649 2326 ad
3700 2279 3881 2340 eum,

1088 2371 1212 2442 sed
1245 2373 1338 2442 ad
1371 2371 1594 2442 alium
1625 2370 1942 2442 referant
1985 2372 2447 2443 conditorem.
2500 2370 2624 2441 Fr.
2674 2370 2999 2442 Blondus
3044 2371 3123 2441 in
3164 2369 3671 2467 Longobardia
3720 2395 3881 2468 pag.

1091 2504 1322 2557 xclx.
1379 2508 1424 2556 a
1462 2486 1672 2558 beato
1729 2485 1938 2557 Gallo
1983 2487 2349 2559 conditum
2396 2487 2555 2556 vult
2599 2495 2764 2579 post
2806 2487 3198 2558 adventum
3246 2487 3323 2556 in
3358 2483 3647 2558 Italiam
3695 2485 3883 2560 Lon-

1088 2601 1568 2696 gobardorum
1623 2603 1830 2672 annis
1887 2618 2280 2672 Lxxxvu.
2336 2601 2675 2692 impensis
2729 2600 3089 2672 Addoaldi
3148 2599 3277 2670 filii
3345 2599 3883 2674 Theudolindae

1087 2717 1400 2812 reginae.
1449 2715 1966 2788 Volaterranus
2009 2725 2373 2788 auctorem
2420 2715 2595 2787 facit
2640 2717 2873 2808 ipsam
2925 2715 3527 2798 Theudolindam,
3562 2739 3723 2788 cum
3774 2729 3882 2790 ta-

1087 2854 1258 2903 men
1309 2831 1434 2904 lib.
1481 2849 1604 2902 111.
1660 2853 1826 2928 pag.
1873 2849 2041 2903 LIV.
2097 2843 2170 2904 et
2226 2831 2350 2903 lib.
2398 2849 2509 2902 IV.
2565 2853 2729 2925 pag.
2788 2846 3185 2902 Lxxxvn.
3246 2830 3639 2903 honorifice
3694 2856 3883 2905 com·

1087 2949 1302 3038 pellet
1354 2945 1902 3030 Columbanum,
1955 2970 2000 3017 a
2051 2969 2197 3039 quo
2238 2968 2458 3038 supra
2505 2944 2845 3016 Ticinum
2902 2957 3261 3018 structum
3310 2947 3733 3018 coenobium
3778 2949 3883 3020 fa-

1089 3071 1327 3134 tetur:
1383 3084 1430 3132 a
1469 3063 1678 3157 cujus
1723 3061 1950 3132 sancti
2005 3061 2295 3131 nomine
2338 3063 2551 3152 plura
2588 3061 2667 3130 in
2720 3060 2935 3133 Italia
2986 3063 3268 3153 oppida,
3320 3083 3549 3133 unum
3606 3065 3686 3134 in
3736 3062 3883 3135 He-

1088 3179 1344 3263 truria,
1403 3187 1714 3271 quatuor
1780 3175 2102 3246 millibus
2161 3196 2507 3268 passuum
2568 3175 2961 3258 Florentia,
3024 3176 3227 3248 alind
3274 3177 3495 3270 juxta
3550 3178 3881 3252 Cremam

1091 3316 1280 3366 anno
1346 3296 1560 3365 salut.
1636 3308 1957 3362 McLXV.
2027 3291 2397 3362 conditum
2455 3313 2499 3361 a
2558 3289 2939 3362 Frederioo
3011 3290 3475 3375 Barbarossa,
3542 3303 3883 3366 vexatum

1088 3411 1412 3504 graviter
1455 3431 1500 3479 a
1527 3405 1804 3478 ‘Carolo
1833 3403 1927 3476 V.
1963 3415 2037 3476 et
2070 3405 2459 3476 Francisco
2492 3403 2551 3475 Ι.
2652 3405 2859 3478 Paul.
2898 3405 3186 3478 Merula
3218 3415 3406 3499 part.
3456 3425 3545 3478 11.
3590 3409 3715 3482 lib.
3770 3427 3877 3482 lv,
3932 3401 3943 3408 ’

1093 3546 1248 3615 cap.
1287 3539 1588 3596 xxxv1.

1187 3639 1588 3731 Aequiores
1621 3639 1746 3710 alii
1789 3638 2132 3723 fuerunt3
2183 3640 2265 3708 in
2305 3637 2423 3709 his
2464 3633 2855 3710 Gerbertus
2898 3635 3343 3710 Rhemorum
3384 3637 3725 3732 primum,
3764 3640 3879 3710 de·

1091 3756 1256 3826 inde
1321 3753 1860 3826 Ravennatium
1925 3753 2520 3845 archiepiscopus,
2596 3753 2885 3824 demum
2951 3753 3279 3844 pontifex
3334 3755 3697 3826 maximus
3748 3755 3879 3826 sub

1091 3871 1382 3943 nomine
1430 3870 1782 3963 Sylvestri
1817 3869 1916 3941 Π.
2020 3867 2096 3940 Is
2127 3869 2337 3961 epist.
2376 3886 2489 3939 IV.
2524 3876 2597 3939 et
2629 3885 2708 3937 V.
2774 3878 2820 3912 “
2842 3867 3055 3950 Quod
3088 3868 3449 3942 abbatiam
3482 3869 3559 3940 S.
3594 3870 3879 3942 Colum·

1091 3988 1258 4058 bani
1305 3985 1568 4056 habere
1619 3984 1970 4067 videmur,
2017 3981 2370 4054 Italorum
2421 3985 2603 4054 nulli
2657 3986 2931 4079 gratias
2962 3971 3331 4078 'agimusss'
3429 3983 3671 4078 Epist.
3725 4002 3875 4056 xn.

1093 4113 1140 4146 “
1169 4103 1360 4173 Nam
1395 4125 1578 4194 quae
1609 4121 1776 4191 pars
1811 4099 2063 4170 Italiae
2096 4099 2575 4190 possessiones
2606 4099 2797 4170 beati
2824 4097 3249 4171 columbani
3286 4121 3435 4170 non
3458 4099 3778 4172 continet
3804 4101 3877 4170 ?”

1091 4218 1330 4311 Epist.
1371 4231 1741 4286 Lxxxux.
1811 4222 1858 4255 “
1884 4212 2361 4285 Bobien’sibus
2394 4215 2773 4308 utriusque
2806 4213 3144 4285 ordinis.’'
3243 4213 3484 4306 Epist.
3520 4231 3875 4288 Lxxxlv.

1093 4345 1136 4376 ‘⁶
1155 4333 1262 4404 Ut
1291 4332 1498 4402 fessis
1527 4329 1741 4400 rebus
1764 4329 1952 4401 beati
1976 4329 2403 4400 Columbani
2428 4327 2940 4401 subveniatis.”
2995 4325 3237 4421 Epist.
3260 4345 3521 4400 cxxx.
3547 4329 3877 4402 affectum

1089 4471 1302 4521 suum
1359 4448 1438 4517 in
1495 4447 1701 4516 illum
1763 4455 2092 4514 sanctum
2145 4445 2423 4535 prolixe
2471 4445 2874 4536 exequitur.
2932 4443 3139 4514 Paul.
3195 4443 3635 4515 Warnefrid.
3695 4445 3876 4516 libro

975 4587 990 4596 ·
1093 4564 1402 4636 secundo
1467 4561 1746 4632 Histor.
1800 4557 2257 4653 Longobard.
2306 4581 2459 4650 cap.
2506 4577 2680 4630 xvl.
2735 4561 2815 4631 in
2859 4577 2936 4630 V.
2989 4559 3365 4650 provincia
3417 4558 3731 4634 Bobium
3780 4563 3877 4632 lo-

1088 4692 1224 4762 cat,
1263 4687 1336 4750 et
1359 4677 1483 4749 lib.
1513 4693 1623 4746 rV.
1657 4697 1810 4768 cap.
1836 4691 2080 4745 xmn.
2119 4682 2164 4717 “
2183 4673 2395 4746 Circa
2418 4673 2591 4746 haec
2622 4683 2948 4767 tempora
2970 4673 3223 4746 beatus
3261 4674 3747 4747 columbanus
3790 4697 3879 4746 ex

1089 4797 1464 4874 Scotorum
1499 4814 1760 4889 genere
1793 4790 2164 4874 oriundus,
2214 4803 2599 4884 postquam
2632 4790 2709 4861 in
2742 4788 3003 4876 Gallia,
3048 4789 3127 4862 in
3155 4791 3311 4864 loco
3344 4791 3467 4882 qui
3504 4788 3879 4864 Luxovius
