<?xml version="1.0" encoding="UTF-8"?>
<!DOCTYPE html PUBLIC "-//W3C//DTD XHTML 1.0 Transitional//EN"
    "http://www.w3.org/TR/xhtml1/DTD/xhtml1-transitional.dtd">
<html xmlns="http://www.w3.org/1999/xhtml" xml:lang="en" lang="en">
 <head>
  <title>
</title>
<meta http-equiv="Content-Type" content="text/html;charset=utf-8" />
  <meta name='ocr-system' content='tesseract 3.04.00' />
  <meta name='ocr-capabilities' content='ocr_page ocr_carea ocr_par ocr_line ocrx_word'/>
</head>
<body>
  <div class='ocr_page' id='page_1' title='image "./thomaedempsteri00unkngoog_0163.png"; bbox 0 0 4384 5817; ppageno 0'>
   <div class='ocr_carea' id='block_1_1' title="bbox 1087 521 3129 598">
    <p class='ocr_par' dir='ltr' id='par_1_1' title="bbox 1087 521 3129 598">
     <span class='ocr_line' id='line_1_1' title="bbox 1087 521 3129 598; baseline -0.003 0"><span class='ocrx_word' id='word_1_1' title='bbox 1087 529 1177 598; x_wconf 82' lang='lat'><strong>98</strong></span> <span class='ocrx_word' id='word_1_2' title='bbox 1859 523 2329 596; x_wconf 84' lang='lat' dir='ltr'><strong>HISTORIA</strong></span> <span class='ocrx_word' id='word_1_3' title='bbox 2370 521 3129 594; x_wconf 68' lang='lat' dir='ltr'><strong>ECCLESIASTICA</strong></span> 
     </span>
    </p>
   </div>
   <div class='ocr_carea' id='block_1_2' title="bbox 1037 711 3901 1849">
    <p class='ocr_par' dir='ltr' id='par_1_2' title="bbox 1037 711 3901 1849">
     <span class='ocr_line' id='line_1_2' title="bbox 1092 711 3895 810; baseline -0 -20"><span class='ocrx_word' id='word_1_4' title='bbox 1092 717 1453 810; x_wconf 83' lang='lat' dir='ltr'><strong>Apostata</strong></span> <span class='ocrx_word' id='word_1_5' title='bbox 1501 713 1834 800; x_wconf 74' lang='lat' dir='ltr'><strong>Bulaeus,</strong></span> <span class='ocrx_word' id='word_1_6' title='bbox 1891 734 2058 788; x_wconf 76' lang='lat' dir='ltr'><strong>mm</strong></span> <span class='ocrx_word' id='word_1_7' title='bbox 2111 733 2397 808; x_wconf 72' lang='lat' dir='ltr'><strong>semper</strong></span> <span class='ocrx_word' id='word_1_8' title='bbox 2452 715 2641 787; x_wconf 81' lang='lat' dir='ltr'><strong>male</strong></span> <span class='ocrx_word' id='word_1_9' title='bbox 2694 714 2785 786; x_wconf 86' lang='lat' dir='ltr'><strong>de</strong></span> <span class='ocrx_word' id='word_1_10' title='bbox 2840 711 3287 788; x_wconf 71' lang='lat' dir='ltr'><strong>nostratibus</strong></span> <span class='ocrx_word' id='word_1_11' title='bbox 3344 721 3419 788; x_wconf 84' lang='lat' dir='ltr'><strong>et</strong></span> <span class='ocrx_word' id='word_1_12' title='bbox 3474 717 3778 793; x_wconf 79' lang='lat' dir='ltr'><strong>senserit</strong></span> <span class='ocrx_word' id='word_1_13' title='bbox 3824 726 3895 789; x_wconf 89' lang='lat' dir='ltr'><strong>et</strong></span> 
     </span>
     <span class='ocr_line' id='line_1_3' title="bbox 1091 827 3893 926; baseline -0.001 -20"><span class='ocrx_word' id='word_1_14' title='bbox 1091 834 1480 926; x_wconf 81' lang='lat' dir='ltr'><strong>scripserit,</strong></span> <span class='ocrx_word' id='word_1_15' title='bbox 1547 829 1741 904; x_wconf 87' lang='lat' dir='ltr'><strong>hunc</strong></span> <span class='ocrx_word' id='word_1_16' title='bbox 1795 839 2044 904; x_wconf 86' lang='lat' dir='ltr'><strong>tamen</strong></span> <span class='ocrx_word' id='word_1_17' title='bbox 2099 849 2233 902; x_wconf 89' lang='lat' dir='ltr'><strong>suo</strong></span> <span class='ocrx_word' id='word_1_18' title='bbox 2290 827 2611 902; x_wconf 86' lang='lat' dir='ltr'><strong>encomio</strong></span> <span class='ocrx_word' id='word_1_19' title='bbox 2674 827 3013 902; x_wconf 78' lang='lat' dir='ltr'><strong>fraudare</strong></span> <span class='ocrx_word' id='word_1_20' title='bbox 3076 849 3227 902; x_wconf 88' lang='lat' dir='ltr'><strong>nou</strong></span> <span class='ocrx_word' id='word_1_21' title='bbox 3290 827 3659 913; x_wconf 73' lang='lat' dir='ltr'><strong>sustinuit,</strong></span> <span class='ocrx_word' id='word_1_22' title='bbox 3726 854 3893 904; x_wconf 86' lang='lat' dir='ltr'><strong>nam</strong></span> 
     </span>
     <span class='ocr_line' id='line_1_4' title="bbox 1095 941 3901 1039; baseline -0.001 -18"><span class='ocrx_word' id='word_1_23' title='bbox 1095 947 1422 1021; x_wconf 85' lang='lat' dir='ltr'><strong>centuria</strong></span> <span class='ocrx_word' id='word_1_24' title='bbox 1459 962 1636 1020; x_wconf 80' lang='lat' dir='ltr'><strong>xlv.</strong></span> <span class='ocrx_word' id='word_1_25' title='bbox 1688 966 1992 1018; x_wconf 89' lang='lat' dir='ltr'><strong>numero</strong></span> <span class='ocrx_word' id='word_1_26' title='bbox 2035 959 2211 1018; x_wconf 77' lang='lat' dir='ltr'><strong>Lxl.</strong></span> <span class='ocrx_word' id='word_1_27' title='bbox 2262 952 2311 988; x_wconf 78' lang='lat'><strong>‘⁶</strong></span> <span class='ocrx_word' id='word_1_28' title='bbox 2340 941 2695 1016; x_wconf 73' lang='lat' dir='ltr'><strong>Boethius</strong></span> <span class='ocrx_word' id='word_1_29' title='bbox 2734 942 2815 1016; x_wconf 90' lang='lat' dir='ltr'><strong>in</strong></span> <span class='ocrx_word' id='word_1_30' title='bbox 2854 941 3054 1017; x_wconf 91' lang='lat' dir='ltr'><strong>omni</strong></span> <span class='ocrx_word' id='word_1_31' title='bbox 3096 943 3589 1039; x_wconf 73' lang='lat' dir='ltr'><strong>philosophiae</strong></span> <span class='ocrx_word' id='word_1_32' title='bbox 3628 967 3712 1018; x_wconf 83' lang='lat' dir='ltr'><strong>ac</strong></span> <span class='ocrx_word' id='word_1_33' title='bbox 3744 948 3901 1032; x_wconf 50' lang='lat' dir='ltr'><strong>theq</strong></span> 
     </span>
     <span class='ocr_line' id='line_1_5' title="bbox 1096 1057 3889 1158; baseline -0.002 -21"><span class='ocrx_word' id='word_1_34' title='bbox 1096 1061 1852 1158; x_wconf 78' lang='lat' dir='ltr'><strong>ologiaescholasticae</strong></span> <span class='ocrx_word' id='word_1_35' title='bbox 1875 1060 2283 1156; x_wconf 76' lang='lat' dir='ltr'><strong>cognitione</strong></span> <span class='ocrx_word' id='word_1_36' title='bbox 2308 1057 2585 1132; x_wconf 77' lang='lat' dir='ltr'><strong>affatim</strong></span> <span class='ocrx_word' id='word_1_37' title='bbox 2609 1058 3001 1132; x_wconf 56' lang='lat' dir='ltr'><strong>eruditus?</strong></span> <span class='ocrx_word' id='word_1_38' title='bbox 3076 1057 3373 1134; x_wconf 85' lang='lat' dir='ltr'><strong>Centur.</strong></span> <span class='ocrx_word' id='word_1_39' title='bbox 3400 1062 3669 1145; x_wconf 81' lang='lat' dir='ltr'><strong>eadem,</strong></span> <span class='ocrx_word' id='word_1_40' title='bbox 3694 1084 3889 1135; x_wconf 88' lang='lat' dir='ltr'><strong>num.</strong></span> 
     </span>
     <span class='ocr_line' id='line_1_6' title="bbox 1095 1169 3893 1273; baseline -0.001 -23"><span class='ocrx_word' id='word_1_41' title='bbox 1095 1193 1520 1252; x_wconf 83' lang='lat' dir='ltr'><strong>Lxxxvm.</strong></span> <span class='ocrx_word' id='word_1_42' title='bbox 1551 1185 1596 1222; x_wconf 81' lang='lat'><strong>‘⁶</strong></span> <span class='ocrx_word' id='word_1_43' title='bbox 1617 1174 1934 1273; x_wconf 77' lang='lat' dir='ltr'><strong>Insignis</strong></span> <span class='ocrx_word' id='word_1_44' title='bbox 1951 1173 2331 1250; x_wconf 77' lang='lat' dir='ltr'><strong>Scotorum</strong></span> <span class='ocrx_word' id='word_1_45' title='bbox 2356 1173 3008 1272; x_wconf 54' lang='lat' dir='ltr'><strong>chronographus?</strong></span> <span class='ocrx_word' id='word_1_46' title='bbox 3040 1169 3148 1248; x_wconf 80' lang='lat' dir='ltr'><strong>Et</strong></span> <span class='ocrx_word' id='word_1_47' title='bbox 3162 1177 3381 1270; x_wconf 78' lang='lat' dir='ltr'><strong>paulo</strong></span> <span class='ocrx_word' id='word_1_48' title='bbox 3398 1185 3593 1271; x_wconf 80' lang='lat' dir='ltr'><strong>post:</strong></span> <span class='ocrx_word' id='word_1_49' title='bbox 3620 1185 3667 1272; x_wconf 84' lang='lat'><strong>‘.‘</strong></span> <span class='ocrx_word' id='word_1_50' title='bbox 3688 1175 3893 1272; x_wconf 81' lang='lat' dir='ltr'><strong>Mag-</strong></span> 
     </span>
     <span class='ocr_line' id='line_1_7' title="bbox 1037 1289 3892 1386; baseline -0.001 -19"><span class='ocrx_word' id='word_1_51' title='bbox 1037 1355 1043 1368; x_wconf 86' lang='lat'>.</span> <span class='ocrx_word' id='word_1_52' title='bbox 1091 1315 1270 1366; x_wconf 88' lang='lat' dir='ltr'><strong>num</strong></span> <span class='ocrx_word' id='word_1_53' title='bbox 1295 1313 1476 1386; x_wconf 90' lang='lat' dir='ltr'><strong>opus</strong></span> <span class='ocrx_word' id='word_1_54' title='bbox 1500 1291 1592 1364; x_wconf 89' lang='lat' dir='ltr'><strong>de</strong></span> <span class='ocrx_word' id='word_1_55' title='bbox 1613 1290 1992 1364; x_wconf 75' lang='lat' dir='ltr'><strong>Scotorum</strong></span> <span class='ocrx_word' id='word_1_56' title='bbox 2011 1289 2411 1366; x_wconf 75' lang='lat' dir='ltr'><strong>Historia-’⁹</strong></span> <span class='ocrx_word' id='word_1_57' title='bbox 2460 1289 2758 1364; x_wconf 86' lang='lat' dir='ltr'><strong>Centur.</strong></span> <span class='ocrx_word' id='word_1_58' title='bbox 2776 1289 3048 1377; x_wconf 80' lang='lat' dir='ltr'><strong>eadem,</strong></span> <span class='ocrx_word' id='word_1_59' title='bbox 3066 1309 3269 1366; x_wconf 82' lang='lat' dir='ltr'><strong>num.</strong></span> <span class='ocrx_word' id='word_1_60' title='bbox 3290 1305 3490 1364; x_wconf 69' lang='lat' dir='ltr'><strong>LXV.</strong></span> <span class='ocrx_word' id='word_1_61' title='bbox 3508 1293 3753 1374; x_wconf 85' lang='lat' dir='ltr'><strong>virum</strong></span> <span class='ocrx_word' id='word_1_62' title='bbox 3774 1314 3892 1364; x_wconf 87' lang='lat' dir='ltr'><strong>vo-</strong></span> 
     </span>
     <span class='ocr_line' id='line_1_8' title="bbox 1091 1403 3891 1500; baseline -0.001 -18"><span class='ocrx_word' id='word_1_63' title='bbox 1091 1419 1208 1482; x_wconf 88' lang='lat' dir='ltr'><strong>cat</strong></span> <span class='ocrx_word' id='word_1_64' title='bbox 1239 1407 1814 1481; x_wconf 85' lang='lat' dir='ltr'><strong>disertissimum.</strong></span> <span class='ocrx_word' id='word_1_65' title='bbox 1917 1406 2076 1480; x_wconf 87' lang='lat' dir='ltr'><strong>Has</strong></span> <span class='ocrx_word' id='word_1_66' title='bbox 2108 1426 2319 1478; x_wconf 81' lang='lat' dir='ltr'><strong>veras</strong></span> <span class='ocrx_word' id='word_1_67' title='bbox 2349 1403 2597 1478; x_wconf 80' lang='lat' dir='ltr'><strong>laudes</strong></span> <span class='ocrx_word' id='word_1_68' title='bbox 2628 1404 3379 1479; x_wconf 71' lang='lat' dir='ltr'><strong>maledicentissimum</strong></span> <span class='ocrx_word' id='word_1_69' title='bbox 3412 1427 3651 1500; x_wconf 86' lang='lat' dir='ltr'><strong>pecus,</strong></span> <span class='ocrx_word' id='word_1_70' title='bbox 3698 1417 3774 1478; x_wconf 91' lang='lat' dir='ltr'><strong>et</strong></span> <span class='ocrx_word' id='word_1_71' title='bbox 3804 1411 3891 1478; x_wconf 87' lang='lat' dir='ltr'><strong>de</strong></span> 
     </span>
     <span class='ocr_line' id='line_1_9' title="bbox 1091 1517 3891 1620; baseline -0.001 -24"><span class='ocrx_word' id='word_1_72' title='bbox 1091 1523 1334 1620; x_wconf 82' lang='lat' dir='ltr'><strong>magia</strong></span> <span class='ocrx_word' id='word_1_73' title='bbox 1364 1523 1576 1618; x_wconf 77' lang='lat' dir='ltr'><strong>nigra</strong></span> <span class='ocrx_word' id='word_1_74' title='bbox 1604 1523 1798 1616; x_wconf 85' lang='lat' dir='ltr'><strong>apud</strong></span> <span class='ocrx_word' id='word_1_75' title='bbox 1831 1543 2000 1595; x_wconf 85' lang='lat' dir='ltr'><strong>suos</strong></span> <span class='ocrx_word' id='word_1_76' title='bbox 2031 1519 2313 1594; x_wconf 87' lang='lat' dir='ltr'><strong>Wallos</strong></span> <span class='ocrx_word' id='word_1_77' title='bbox 2344 1519 2735 1603; x_wconf 84' lang='lat' dir='ltr'><strong>convictus,</strong></span> <span class='ocrx_word' id='word_1_78' title='bbox 2780 1517 3072 1592; x_wconf 79' lang='lat' dir='ltr'><strong>infamis</strong></span> <span class='ocrx_word' id='word_1_79' title='bbox 3116 1517 3515 1594; x_wconf 76' lang='lat' dir='ltr'><strong>haereticus</strong></span> <span class='ocrx_word' id='word_1_80' title='bbox 3550 1521 3891 1594; x_wconf 84' lang='lat' dir='ltr'><strong>Humfre-</strong></span> 
     </span>
     <span class='ocr_line' id='line_1_10' title="bbox 1090 1632 3889 1734; baseline -0.001 -23"><span class='ocrx_word' id='word_1_81' title='bbox 1090 1641 1227 1712; x_wconf 89' lang='lat' dir='ltr'><strong>dus</strong></span> <span class='ocrx_word' id='word_1_82' title='bbox 1260 1637 1638 1734; x_wconf 82' lang='lat' dir='ltr'><strong>Lhuydus,</strong></span> <span class='ocrx_word' id='word_1_83' title='bbox 1669 1637 2098 1712; x_wconf 83' lang='lat' dir='ltr'><strong>virulentiae</strong></span> <span class='ocrx_word' id='word_1_84' title='bbox 2131 1646 2348 1710; x_wconf 84' lang='lat' dir='ltr'><strong>vento</strong></span> <span class='ocrx_word' id='word_1_85' title='bbox 2380 1643 2677 1710; x_wconf 83' lang='lat' dir='ltr'><strong>conatus</strong></span> <span class='ocrx_word' id='word_1_86' title='bbox 2710 1632 2975 1722; x_wconf 81' lang='lat' dir='ltr'><strong>afflare,</strong></span> <span class='ocrx_word' id='word_1_87' title='bbox 3007 1657 3157 1712; x_wconf 85' lang='lat' dir='ltr'><strong>non</strong></span> <span class='ocrx_word' id='word_1_88' title='bbox 3178 1645 3329 1712; x_wconf 80' lang='lat' dir='ltr'><strong>tam</strong></span> <span class='ocrx_word' id='word_1_89' title='bbox 3352 1638 3591 1734; x_wconf 76' lang='lat' dir='ltr'><strong>gentis</strong></span> <span class='ocrx_word' id='word_1_90' title='bbox 3624 1638 3889 1721; x_wconf 82' lang='lat' dir='ltr'><strong>odium,</strong></span> 
     </span>
     <span class='ocr_line' id='line_1_11' title="bbox 1093 1747 2973 1849; baseline -0.003 -21"><span class='ocrx_word' id='word_1_91' title='bbox 1093 1775 1310 1848; x_wconf 81' lang='lat' dir='ltr'><strong>quam</strong></span> <span class='ocrx_word' id='word_1_92' title='bbox 1345 1753 1694 1847; x_wconf 82' lang='lat' dir='ltr'><strong>puerilem</strong></span> <span class='ocrx_word' id='word_1_93' title='bbox 1727 1753 2098 1849; x_wconf 77' lang='lat' dir='ltr'><strong>ignaviam</strong></span> <span class='ocrx_word' id='word_1_94' title='bbox 2127 1751 2473 1846; x_wconf 67' lang='lat' dir='ltr'><strong>prodidit,</strong></span> <span class='ocrx_word' id='word_1_95' title='bbox 2578 1747 2697 1824; x_wconf 82' lang='lat' dir='ltr'><strong>Ita</strong></span> <span class='ocrx_word' id='word_1_96' title='bbox 2728 1751 2973 1828; x_wconf 79' lang='lat' dir='ltr'><strong>euim:</strong></span> 
     </span>
    </p>
   </div>
   <div class='ocr_carea' id='block_1_3' title="bbox 1697 1957 3159 2328">
    <p class='ocr_par' dir='ltr' id='par_1_3' title="bbox 1697 1957 3159 2127">
     <span class='ocr_line' id='line_1_12' title="bbox 1697 1957 3159 2043; baseline 0.003 -21"><span class='ocrx_word' id='word_1_97' title='bbox 1697 1962 1974 2025; x_wconf 78' lang='lat' dir='ltr'><strong>Hectoris</strong></span> <span class='ocrx_word' id='word_1_98' title='bbox 1997 1961 2259 2024; x_wconf 81' lang='lat' dir='ltr'><strong>historici</strong></span> <span class='ocrx_word' id='word_1_99' title='bbox 2282 1970 2373 2024; x_wconf 80' lang='lat' dir='ltr'><strong>tot</strong></span> <span class='ocrx_word' id='word_1_100' title='bbox 2396 1969 2541 2043; x_wconf 85' lang='lat' dir='ltr'><strong>quot</strong></span> <span class='ocrx_word' id='word_1_101' title='bbox 2565 1957 2867 2024; x_wconf 79' lang='lat' dir='ltr'><strong>mendacia</strong></span> <span class='ocrx_word' id='word_1_102' title='bbox 2890 1962 3159 2042; x_wconf 68' lang='lat' dir='ltr'><strong>quaet-iss</strong></span> 
     </span>
     <span class='ocr_line' id='line_1_13' title="bbox 1773 2055 2992 2127; baseline -0.002 -9"><span class='ocrx_word' id='word_1_103' title='bbox 1773 2057 1839 2118; x_wconf 85' lang='lat' dir='ltr'><strong>Si</strong></span> <span class='ocrx_word' id='word_1_104' title='bbox 1865 2057 1955 2120; x_wconf 83' lang='lat' dir='ltr'><strong>vis</strong></span> <span class='ocrx_word' id='word_1_105' title='bbox 1979 2067 2049 2119; x_wconf 92' lang='lat' dir='ltr'><strong>ut</strong></span> <span class='ocrx_word' id='word_1_106' title='bbox 2075 2075 2399 2127; x_wconf 77' lang='lat' dir='ltr'><strong>numerem,</strong></span> <span class='ocrx_word' id='word_1_107' title='bbox 2422 2056 2606 2118; x_wconf 80' lang='lat' dir='ltr'><strong>lector</strong></span> <span class='ocrx_word' id='word_1_108' title='bbox 2630 2055 2835 2127; x_wconf 83' lang='lat' dir='ltr'><strong>amics,</strong></span> <span class='ocrx_word' id='word_1_109' title='bbox 2862 2055 2992 2125; x_wconf 81' lang='lat' dir='ltr'><strong>tibi,</strong></span> 
     </span>
    </p>

    <p class='ocr_par' dir='ltr' id='par_1_4' title="bbox 1699 2149 3073 2328">
     <span class='ocr_line' id='line_1_14' title="bbox 1699 2149 3073 2231; baseline -0.001 -19"><span class='ocrx_word' id='word_1_110' title='bbox 1699 2150 1866 2213; x_wconf 85' lang='lat' dir='ltr'><strong>Idem</strong></span> <span class='ocrx_word' id='word_1_111' title='bbox 1891 2171 1988 2213; x_wconf 89' lang='lat' dir='ltr'><strong>me</strong></span> <span class='ocrx_word' id='word_1_112' title='bbox 2003 2151 2213 2231; x_wconf 79' lang='lat' dir='ltr'><strong>jubeas</strong></span> <span class='ocrx_word' id='word_1_113' title='bbox 2238 2151 2452 2213; x_wconf 80' lang='lat' dir='ltr'><strong>fluetus</strong></span> <span class='ocrx_word' id='word_1_114' title='bbox 2476 2167 2782 2214; x_wconf 75' lang='lat' dir='ltr'><strong>numerare</strong></span> <span class='ocrx_word' id='word_1_115' title='bbox 2804 2149 3073 2222; x_wconf 78' lang='lat' dir='ltr'><strong>marinos,</strong></span> 
     </span>
     <span class='ocr_line' id='line_1_15' title="bbox 1775 2243 2876 2328; baseline -0.002 -22"><span class='ocrx_word' id='word_1_116' title='bbox 1775 2245 1862 2308; x_wconf 82' lang='lat' dir='ltr'><strong>Et</strong></span> <span class='ocrx_word' id='word_1_117' title='bbox 1885 2245 2102 2328; x_wconf 79' lang='lat' dir='ltr'><strong>liquidi</strong></span> <span class='ocrx_word' id='word_1_118' title='bbox 2121 2245 2323 2308; x_wconf 69' lang='lat' dir='ltr'><strong>stellas</strong></span> <span class='ocrx_word' id='word_1_119' title='bbox 2348 2243 2717 2307; x_wconf 72' lang='lat' dir='ltr'><strong>dinumersoe</strong></span> <span class='ocrx_word' id='word_1_120' title='bbox 2738 2243 2876 2325; x_wconf 83' lang='lat' dir='ltr'><strong>poli.</strong></span> 
     </span>
    </p>
   </div>
   <div class='ocr_carea' id='block_1_4' title="bbox 1087 2443 3897 3344">
    <p class='ocr_par' dir='ltr' id='par_1_5' title="bbox 1087 2443 3897 3344">
     <span class='ocr_line' id='line_1_16' title="bbox 1094 2443 3895 2539; baseline 0.002 -22"><span class='ocrx_word' id='word_1_121' title='bbox 1094 2444 1163 2517; x_wconf 92' lang='grc' dir='ltr'>Ο</span> <span class='ocrx_word' id='word_1_122' title='bbox 1211 2444 1480 2538; x_wconf 80' lang='lat' dir='ltr'><strong>Latina</strong></span> <span class='ocrx_word' id='word_1_123' title='bbox 1526 2443 1782 2516; x_wconf 86' lang='lat' dir='ltr'><strong>Siren!</strong></span> <span class='ocrx_word' id='word_1_124' title='bbox 1831 2443 2034 2532; x_wconf 86' lang='lat' dir='ltr'><strong>belle,</strong></span> <span class='ocrx_word' id='word_1_125' title='bbox 2087 2443 2337 2516; x_wconf 87' lang='lat' dir='ltr'><strong>beate!</strong></span> <span class='ocrx_word' id='word_1_126' title='bbox 2386 2463 2558 2521; x_wconf 79' lang='lat' dir='ltr'><strong>nam</strong></span> <span class='ocrx_word' id='word_1_127' title='bbox 2602 2453 3127 2539; x_wconf 76' lang='lat' dir='ltr'><strong>praeterquam-</strong></span> <span class='ocrx_word' id='word_1_128' title='bbox 3156 2447 3353 2538; x_wconf 83' lang='lat' dir='ltr'><strong>quod</strong></span> <span class='ocrx_word' id='word_1_129' title='bbox 3400 2451 3685 2524; x_wconf 79' lang='lat' dir='ltr'><strong>nullum</strong></span> <span class='ocrx_word' id='word_1_130' title='bbox 3734 2473 3895 2523; x_wconf 86' lang='lat' dir='ltr'><strong>acu-</strong></span> 
     </span>
     <span class='ocr_line' id='line_1_17' title="bbox 1087 2559 3891 2660; baseline 0.002 -26"><span class='ocrx_word' id='word_1_131' title='bbox 1087 2582 1278 2660; x_wconf 83' lang='lat' dir='ltr'><strong>men,</strong></span> <span class='ocrx_word' id='word_1_132' title='bbox 1327 2559 1564 2654; x_wconf 87' lang='lat' dir='ltr'><strong>qualis</strong></span> <span class='ocrx_word' id='word_1_133' title='bbox 1609 2559 1740 2631; x_wconf 82' lang='lat' dir='ltr'><strong>illa</strong></span> <span class='ocrx_word' id='word_1_134' title='bbox 1783 2559 2239 2653; x_wconf 82' lang='lat' dir='ltr'><strong>cacophonia,</strong></span> <span class='ocrx_word' id='word_1_135' title='bbox 2298 2568 2347 2602; x_wconf 75' lang='lat'><strong>‘⁴</strong></span> <span class='ocrx_word' id='word_1_136' title='bbox 2394 2567 2508 2632; x_wconf 90' lang='lat' dir='ltr'><strong>tot</strong></span> <span class='ocrx_word' id='word_1_137' title='bbox 2556 2560 2803 2653; x_wconf 86' lang='lat' dir='ltr'><strong>quot,&#39;’</strong></span> <span class='ocrx_word' id='word_1_138' title='bbox 2860 2569 3021 2634; x_wconf 82' lang='lat' dir='ltr'><strong>tum</strong></span> <span class='ocrx_word' id='word_1_139' title='bbox 3080 2561 3263 2634; x_wconf 86' lang='lat' dir='ltr'><strong>illud</strong></span> <span class='ocrx_word' id='word_1_140' title='bbox 3318 2583 3538 2654; x_wconf 83' lang='lat' dir='ltr'><strong>quam</strong></span> <span class='ocrx_word' id='word_1_141' title='bbox 3595 2569 3891 2658; x_wconf 81' lang='lat' dir='ltr'><strong>puerile,</strong></span> 
     </span>
     <span class='ocr_line' id='line_1_18' title="bbox 1095 2673 3897 2762; baseline 0.003 -16"><span class='ocrx_word' id='word_1_142' title='bbox 1095 2678 1386 2748; x_wconf 86' lang='lat' dir='ltr'><strong>“lector</strong></span> <span class='ocrx_word' id='word_1_143' title='bbox 1409 2675 1634 2748; x_wconf 81' lang='lat' dir='ltr'><strong>amice</strong></span> <span class='ocrx_word' id='word_1_144' title='bbox 1659 2673 1716 2745; x_wconf 85' lang='lat'><strong>!’&#39;</strong></span> <span class='ocrx_word' id='word_1_145' title='bbox 1747 2680 1908 2748; x_wconf 86' lang='lat' dir='ltr'><strong>tum</strong></span> <span class='ocrx_word' id='word_1_146' title='bbox 1936 2681 1982 2717; x_wconf 82' lang='lat'>“</span> <span class='ocrx_word' id='word_1_147' title='bbox 2003 2697 2401 2760; x_wconf 84' lang='lat' dir='ltr'><strong>numerem,</strong></span> <span class='ocrx_word' id='word_1_148' title='bbox 2424 2697 2829 2760; x_wconf 80' lang='lat' dir='ltr'><strong>numerare,</strong></span> <span class='ocrx_word' id='word_1_149' title='bbox 2852 2675 3370 2762; x_wconf 49' lang='lat' dir='ltr'><strong>dinumerarffl”</strong></span> <span class='ocrx_word' id='word_1_150' title='bbox 3400 2697 3639 2752; x_wconf 85' lang='lat' dir='ltr'><strong>nonne</strong></span> <span class='ocrx_word' id='word_1_151' title='bbox 3672 2681 3897 2754; x_wconf 83' lang='lat' dir='ltr'><strong>furcis</strong></span> 
     </span>
     <span class='ocr_line' id='line_1_19' title="bbox 1093 2789 3892 2886; baseline 0.001 -19"><span class='ocrx_word' id='word_1_152' title='bbox 1093 2791 1452 2867; x_wconf 79' lang='lat' dir='ltr'><strong>Parnasso</strong></span> <span class='ocrx_word' id='word_1_153' title='bbox 1483 2789 1912 2885; x_wconf 78' lang='lat' dir='ltr'><strong>exigendum</strong></span> <span class='ocrx_word' id='word_1_154' title='bbox 1936 2789 1972 2862; x_wconf 74' lang='grc' dir='ltr'>Ρ</span> <span class='ocrx_word' id='word_1_155' title='bbox 2009 2791 2317 2886; x_wconf 88' lang='lat' dir='ltr'><strong>denique</strong></span> <span class='ocrx_word' id='word_1_156' title='bbox 2340 2813 2559 2885; x_wconf 89' lang='lat' dir='ltr'><strong>quam</strong></span> <span class='ocrx_word' id='word_1_157' title='bbox 2581 2790 2819 2864; x_wconf 84' lang='lat' dir='ltr'><strong>felicia</strong></span> <span class='ocrx_word' id='word_1_158' title='bbox 2842 2791 3163 2886; x_wconf 79' lang='lat' dir='ltr'><strong>epitheta</strong></span> <span class='ocrx_word' id='word_1_159' title='bbox 3196 2801 3242 2836; x_wconf 85' lang='lat'><strong>“</strong></span> <span class='ocrx_word' id='word_1_160' title='bbox 3268 2789 3527 2866; x_wconf 76' lang='lat' dir='ltr'><strong>fluctus</strong></span> <span class='ocrx_word' id='word_1_161' title='bbox 3554 2798 3892 2882; x_wconf 87' lang='lat' dir='ltr'><strong>marinos,</strong></span> 
     </span>
     <span class='ocr_line' id='line_1_20' title="bbox 1089 2903 3895 3001; baseline 0.002 -25"><span class='ocrx_word' id='word_1_162' title='bbox 1089 2905 1346 2998; x_wconf 88' lang='lat' dir='ltr'><strong>liquidi</strong></span> <span class='ocrx_word' id='word_1_163' title='bbox 1379 2905 1526 2998; x_wconf 89' lang='lat' dir='ltr'><strong>poli</strong></span> <span class='ocrx_word' id='word_1_164' title='bbox 1556 2903 1618 2977; x_wconf 87' lang='lat'><strong>!”</strong></span> <span class='ocrx_word' id='word_1_165' title='bbox 1715 2903 1836 2978; x_wconf 84' lang='lat' dir='ltr'><strong>Ita</strong></span> <span class='ocrx_word' id='word_1_166' title='bbox 1863 2927 2036 2979; x_wconf 86' lang='lat' dir='ltr'><strong>saue</strong></span> <span class='ocrx_word' id='word_1_167' title='bbox 2069 2927 2199 3001; x_wconf 87' lang='lat' dir='ltr'><strong>per</strong></span> <span class='ocrx_word' id='word_1_168' title='bbox 2240 2929 2360 2979; x_wconf 89' lang='lat' dir='ltr'><strong>me</strong></span> <span class='ocrx_word' id='word_1_169' title='bbox 2400 2929 2647 2980; x_wconf 87' lang='lat' dir='ltr'><strong>omnes</strong></span> <span class='ocrx_word' id='word_1_170' title='bbox 2694 2907 3013 2981; x_wconf 87' lang='lat' dir='ltr'><strong>scribant</strong></span> <span class='ocrx_word' id='word_1_171' title='bbox 3052 2905 3371 2982; x_wconf 85' lang='lat' dir='ltr'><strong>Scotieae</strong></span> <span class='ocrx_word' id='word_1_172' title='bbox 3416 2910 3895 2984; x_wconf 79' lang='lat' dir='ltr'><strong>aestimationi</strong></span> 
     </span>
     <span class='ocr_line' id='line_1_21' title="bbox 1090 3007 3891 3116; baseline 0.003 -25"><span class='ocrx_word' id='word_1_173' title='bbox 1090 3041 1348 3112; x_wconf 89' lang='lat' dir='ltr'><strong>parum</strong></span> <span class='ocrx_word' id='word_1_174' title='bbox 1381 3019 1593 3112; x_wconf 87' lang='lat' dir='ltr'><strong>aequi</strong></span> <span class='ocrx_word' id='word_1_175' title='bbox 1625 3021 2088 3106; x_wconf 89' lang='lat' dir='ltr'><strong>consultores,</strong></span> <span class='ocrx_word' id='word_1_176' title='bbox 2121 3031 2209 3094; x_wconf 88' lang='lat' dir='ltr'><strong>ut</strong></span> <span class='ocrx_word' id='word_1_177' title='bbox 2239 3022 2413 3094; x_wconf 89' lang='lat' dir='ltr'><strong>dum</strong></span> <span class='ocrx_word' id='word_1_178' title='bbox 2446 3024 2885 3096; x_wconf 87' lang='lat' dir='ltr'><strong>nostratium</strong></span> <span class='ocrx_word' id='word_1_179' title='bbox 2916 3023 3107 3096; x_wconf 80' lang='lat' dir='ltr'><strong>veris</strong></span> <span class='ocrx_word' id='word_1_180' title='bbox 3130 3007 3527 3116; x_wconf 74' lang='lat' dir='ltr'><strong>praeconiis</strong></span> <span class='ocrx_word' id='word_1_181' title='bbox 3552 3023 3891 3110; x_wconf 85' lang='lat' dir='ltr'><strong>officiunt,</strong></span> 
     </span>
     <span class='ocr_line' id='line_1_22' title="bbox 1093 3134 3895 3236; baseline 0.005 -30"><span class='ocrx_word' id='word_1_182' title='bbox 1093 3134 1496 3208; x_wconf 85' lang='lat' dir='ltr'><strong>infantilem</strong></span> <span class='ocrx_word' id='word_1_183' title='bbox 1527 3157 1735 3208; x_wconf 84' lang='lat' dir='ltr'><strong>suam</strong></span> <span class='ocrx_word' id='word_1_184' title='bbox 1767 3135 2207 3230; x_wconf 87' lang='lat' dir='ltr'><strong>imperitiam</strong></span> <span class='ocrx_word' id='word_1_185' title='bbox 2239 3139 2569 3230; x_wconf 81' lang='lat' dir='ltr'><strong>prodant.</strong></span> <span class='ocrx_word' id='word_1_186' title='bbox 2654 3139 2843 3214; x_wconf 82' lang='lat' dir='ltr'><strong>Sane</strong></span> <span class='ocrx_word' id='word_1_187' title='bbox 2866 3141 3039 3216; x_wconf 87' lang='lat' dir='ltr'><strong>huie</strong></span> <span class='ocrx_word' id='word_1_188' title='bbox 3068 3153 3219 3216; x_wconf 74' lang='lat' dir='ltr'><strong>tam</strong></span> <span class='ocrx_word' id='word_1_189' title='bbox 3252 3143 3651 3236; x_wconf 83' lang='lat' dir='ltr'><strong>impudenti</strong></span> <span class='ocrx_word' id='word_1_190' title='bbox 3684 3145 3895 3219; x_wconf 81' lang='lat' dir='ltr'><strong>liceat</strong></span> 
     </span>
     <span class='ocr_line' id='line_1_23' title="bbox 1093 3250 3251 3344; baseline 0.004 -23"><span class='ocrx_word' id='word_1_191' title='bbox 1093 3272 1446 3344; x_wconf 88' lang='lat' dir='ltr'><strong>opponere</strong></span> <span class='ocrx_word' id='word_1_192' title='bbox 1479 3251 1710 3324; x_wconf 79' lang='lat' dir='ltr'><strong>cultos</strong></span> <span class='ocrx_word' id='word_1_193' title='bbox 1739 3251 2053 3326; x_wconf 85' lang='lat' dir='ltr'><strong>hominis</strong></span> <span class='ocrx_word' id='word_1_194' title='bbox 2088 3250 2259 3326; x_wconf 83' lang='lat' dir='ltr'><strong>Itali</strong></span> <span class='ocrx_word' id='word_1_195' title='bbox 2294 3275 2589 3332; x_wconf 76' lang='lat' dir='ltr'><strong>versus:</strong></span> <span class='ocrx_word' id='word_1_196' title='bbox 2638 3255 2703 3330; x_wconf 85' lang='lat' dir='ltr'><strong>is</strong></span> <span class='ocrx_word' id='word_1_197' title='bbox 2734 3268 2845 3331; x_wconf 85' lang='lat' dir='ltr'><strong>est</strong></span> <span class='ocrx_word' id='word_1_198' title='bbox 2875 3256 3251 3336; x_wconf 69' lang='lat' dir='ltr'><strong>Latmus.</strong></span> 
     </span>
    </p>
   </div>
   <div class='ocr_carea' id='block_1_5' title="bbox 1635 3477 3019 4884">
    <p class='ocr_par' dir='ltr' id='par_1_6' title="bbox 1691 3477 3019 4788">
     <span class='ocr_line' id='line_1_24' title="bbox 1697 3477 3019 3566; baseline 0.01 -29"><span class='ocrx_word' id='word_1_199' title='bbox 1697 3477 1986 3558; x_wconf 78' lang='lat' dir='ltr'><strong>Quisquis</strong></span> <span class='ocrx_word' id='word_1_200' title='bbox 2011 3478 2088 3540; x_wconf 83' lang='lat' dir='ltr'><strong>ad</strong></span> <span class='ocrx_word' id='word_1_201' title='bbox 2109 3479 2409 3540; x_wconf 86' lang='lat' dir='ltr'><strong>tumulum</strong></span> <span class='ocrx_word' id='word_1_202' title='bbox 2434 3482 2795 3566; x_wconf 60' lang='lat' dir='ltr'><strong>obtupescis</strong></span> <span class='ocrx_word' id='word_1_203' title='bbox 2818 3487 3019 3556; x_wconf 68' lang='lat' dir='ltr'><strong>istum,</strong></span> 
     </span>
     <span class='ocr_line' id='line_1_25' title="bbox 1695 3571 2650 3654; baseline 0.006 -20"><span class='ocrx_word' id='word_1_204' title='bbox 1695 3571 1922 3635; x_wconf 80' lang='lat' dir='ltr'><strong>Taedas</strong></span> <span class='ocrx_word' id='word_1_205' title='bbox 1945 3583 2233 3654; x_wconf 79' lang='lat' dir='ltr'><strong>perpetus</strong></span> <span class='ocrx_word' id='word_1_206' title='bbox 2258 3575 2471 3638; x_wconf 80' lang='lat' dir='ltr'><strong>micare</strong></span> <span class='ocrx_word' id='word_1_207' title='bbox 2496 3576 2650 3649; x_wconf 82' lang='lat' dir='ltr'><strong>luce,</strong></span> 
     </span>
     <span class='ocr_line' id='line_1_26' title="bbox 1699 3667 2703 3749; baseline 0.005 -21"><span class='ocrx_word' id='word_1_208' title='bbox 1699 3667 1920 3729; x_wconf 87' lang='lat' dir='ltr'><strong>Lucem</strong></span> <span class='ocrx_word' id='word_1_209' title='bbox 1947 3667 2248 3749; x_wconf 87' lang='lat' dir='ltr'><strong>perpetuis</strong></span> <span class='ocrx_word' id='word_1_210' title='bbox 2272 3667 2472 3731; x_wconf 79' lang='lat' dir='ltr'><strong>adesse</strong></span> <span class='ocrx_word' id='word_1_211' title='bbox 2496 3671 2703 3744; x_wconf 79' lang='lat' dir='ltr'><strong>taedis,</strong></span> 
     </span>
     <span class='ocr_line' id='line_1_27' title="bbox 1692 3763 2752 3846; baseline 0.006 -24"><span class='ocrx_word' id='word_1_212' title='bbox 1692 3763 1778 3823; x_wconf 86' lang='lat' dir='ltr'><strong>Et</strong></span> <span class='ocrx_word' id='word_1_213' title='bbox 1795 3765 1938 3844; x_wconf 83' lang='lat' dir='ltr'><strong>quis</strong></span> <span class='ocrx_word' id='word_1_214' title='bbox 1961 3783 2046 3823; x_wconf 72' lang='lat' dir='ltr'><strong>nc</strong></span> <span class='ocrx_word' id='word_1_215' title='bbox 2073 3763 2306 3834; x_wconf 78' lang='lat' dir='ltr'><strong>statuit,</strong></span> <span class='ocrx_word' id='word_1_216' title='bbox 2332 3765 2497 3846; x_wconf 78' lang='lat' dir='ltr'><strong>cupis</strong></span> <span class='ocrx_word' id='word_1_217' title='bbox 2524 3765 2713 3828; x_wconf 85' lang='lat' dir='ltr'><strong>doceri</strong></span> <span class='ocrx_word' id='word_1_218' title='bbox 2728 3789 2752 3838; x_wconf 69' lang='grc' dir='ltr'>ς</span> 
     </span>
     <span class='ocr_line' id='line_1_28' title="bbox 1693 3857 2821 3936; baseline 0.005 -16"><span class='ocrx_word' id='word_1_219' title='bbox 1693 3857 1828 3920; x_wconf 84' lang='lat' dir='ltr'><strong>Fist</strong></span> <span class='ocrx_word' id='word_1_220' title='bbox 1843 3879 1864 3918; x_wconf 74' lang='lat' dir='ltr'><em>z</em></span> <span class='ocrx_word' id='word_1_221' title='bbox 1903 3857 2001 3922; x_wconf 86' lang='lat' dir='ltr'><strong>hic</strong></span> <span class='ocrx_word' id='word_1_222' title='bbox 2023 3857 2265 3920; x_wconf 74' lang='lat' dir='ltr'><strong>rembst</strong></span> <span class='ocrx_word' id='word_1_223' title='bbox 2290 3857 2551 3922; x_wconf 78' lang='lat' dir='ltr'><strong>Boethus</strong></span> <span class='ocrx_word' id='word_1_224' title='bbox 2578 3861 2821 3936; x_wconf 80' lang='lat' dir='ltr'><strong>Hector,</strong></span> 
     </span>
     <span class='ocr_line' id='line_1_29' title="bbox 1695 3951 2665 4034; baseline 0.007 -22"><span class='ocrx_word' id='word_1_225' title='bbox 1695 3951 1811 4013; x_wconf 87' lang='lat' dir='ltr'><strong>Ille</strong></span> <span class='ocrx_word' id='word_1_226' title='bbox 1835 3953 1938 4034; x_wconf 88' lang='lat' dir='ltr'><strong>qui</strong></span> <span class='ocrx_word' id='word_1_227' title='bbox 1963 3953 2186 4032; x_wconf 78' lang='lat' dir='ltr'><strong>patriae</strong></span> <span class='ocrx_word' id='word_1_228' title='bbox 2210 3971 2351 4012; x_wconf 79' lang='lat' dir='ltr'><strong>suae</strong></span> <span class='ocrx_word' id='word_1_229' title='bbox 2376 3956 2665 4028; x_wconf 82' lang='lat' dir='ltr'><strong>tenebras,</strong></span> 
     </span>
     <span class='ocr_line' id='line_1_30' title="bbox 1691 4045 2785 4132; baseline 0.008 -26"><span class='ocrx_word' id='word_1_230' title='bbox 1691 4048 1896 4126; x_wconf 84' lang='lat' dir='ltr'><strong>Atque</strong></span> <span class='ocrx_word' id='word_1_231' title='bbox 1921 4045 2050 4104; x_wconf 79' lang='lat' dir='ltr'><strong>illas</strong></span> <span class='ocrx_word' id='word_1_232' title='bbox 2073 4047 2313 4126; x_wconf 77' lang='lat' dir='ltr'><strong>patrias,</strong></span> <span class='ocrx_word' id='word_1_233' title='bbox 2337 4049 2527 4110; x_wconf 87' lang='lat' dir='ltr'><strong>nitore</strong></span> <span class='ocrx_word' id='word_1_234' title='bbox 2549 4049 2785 4132; x_wconf 74' lang='lat' dir='ltr'><strong>linguae</strong></span> 
     </span>
     <span class='ocr_line' id='line_1_31' title="bbox 1696 4137 2633 4222; baseline 0.005 -22"><span class='ocrx_word' id='word_1_235' title='bbox 1696 4139 1940 4201; x_wconf 78' lang='lat' dir='ltr'><strong>Invocto</strong></span> <span class='ocrx_word' id='word_1_236' title='bbox 1963 4137 2192 4209; x_wconf 84' lang='lat' dir='ltr'><strong>Latiae,</strong></span> <span class='ocrx_word' id='word_1_237' title='bbox 2220 4139 2451 4222; x_wconf 76' lang='lat' dir='ltr'><strong>fugavit</strong></span> <span class='ocrx_word' id='word_1_238' title='bbox 2476 4141 2633 4206; x_wconf 74' lang='lat' dir='ltr'><strong>ultra</strong></span> 
     </span>
     <span class='ocr_line' id='line_1_32' title="bbox 1697 4223 2753 4316; baseline 0.004 -22"><span class='ocrx_word' id='word_1_239' title='bbox 1697 4233 1953 4315; x_wconf 82' lang='lat' dir='ltr'><strong>Thylen,</strong></span> <span class='ocrx_word' id='word_1_240' title='bbox 1979 4243 2042 4295; x_wconf 90' lang='lat' dir='ltr'><strong>et</strong></span> <span class='ocrx_word' id='word_1_241' title='bbox 2068 4234 2243 4296; x_wconf 80' lang='lat' dir='ltr'><strong>vitrei</strong></span> <span class='ocrx_word' id='word_1_242' title='bbox 2270 4235 2484 4316; x_wconf 74' lang='lat' dir='ltr'><strong>vigoris</strong></span> <span class='ocrx_word' id='word_1_243' title='bbox 2510 4223 2753 4300; x_wconf 83' lang='lat' dir='ltr'><strong>Arcton.</strong></span> 
     </span>
     <span class='ocr_line' id='line_1_33' title="bbox 1695 4328 2891 4412; baseline 0.008 -24"><span class='ocrx_word' id='word_1_244' title='bbox 1695 4328 2042 4391; x_wconf 80' lang='lat' dir='ltr'><strong>Persolvunt</strong></span> <span class='ocrx_word' id='word_1_245' title='bbox 2069 4328 2525 4412; x_wconf 61' lang='lat' dir='ltr'><strong>Saudo-‚proin</strong></span> <span class='ocrx_word' id='word_1_246' title='bbox 2552 4333 2891 4406; x_wconf 83' lang='lat' dir='ltr'><strong>Camoense,</strong></span> 
     </span>
     <span class='ocr_line' id='line_1_34' title="bbox 1693 4422 2977 4508; baseline 0.008 -25"><span class='ocrx_word' id='word_1_247' title='bbox 1693 4423 1847 4484; x_wconf 89' lang='lat' dir='ltr'><strong>Cum</strong></span> <span class='ocrx_word' id='word_1_248' title='bbox 1873 4423 2086 4502; x_wconf 72' lang='lat' dir='ltr'><strong>panim</strong></span> <span class='ocrx_word' id='word_1_249' title='bbox 2109 4422 2397 4504; x_wconf 79' lang='lat' dir='ltr'><strong>incipiant</strong></span> <span class='ocrx_word' id='word_1_250' title='bbox 2420 4439 2753 4508; x_wconf 80' lang='lat' dir='ltr'><strong>qussutque</strong></span> <span class='ocrx_word' id='word_1_251' title='bbox 2776 4430 2977 4492; x_wconf 70' lang='lat' dir='ltr'><strong>haberi</strong></span> 
     </span>
     <span class='ocr_line' id='line_1_35' title="bbox 1697 4517 2653 4602; baseline 0.005 -24"><span class='ocrx_word' id='word_1_252' title='bbox 1697 4517 2008 4588; x_wconf 79' lang='lat' dir='ltr'><strong>Romanae,</strong></span> <span class='ocrx_word' id='word_1_253' title='bbox 2033 4518 2271 4579; x_wconf 74' lang='lat' dir='ltr'><strong>meritas</strong></span> <span class='ocrx_word' id='word_1_254' title='bbox 2296 4538 2401 4580; x_wconf 85' lang='lat' dir='ltr'><strong>suo</strong></span> <span class='ocrx_word' id='word_1_255' title='bbox 2424 4523 2653 4602; x_wconf 73' lang='lat' dir='ltr'><strong>parenti</strong></span> 
     </span>
     <span class='ocr_line' id='line_1_36' title="bbox 1697 4611 2878 4681; baseline 0.009 -11"><span class='ocrx_word' id='word_1_256' title='bbox 1697 4611 1932 4681; x_wconf 81' lang='lat' dir='ltr'><strong>Grates,</strong></span> <span class='ocrx_word' id='word_1_257' title='bbox 1957 4621 2021 4672; x_wconf 84' lang='lat' dir='ltr'><strong>et</strong></span> <span class='ocrx_word' id='word_1_258' title='bbox 2045 4611 2343 4673; x_wconf 88' lang='lat' dir='ltr'><strong>tumulum</strong></span> <span class='ocrx_word' id='word_1_259' title='bbox 2368 4613 2573 4678; x_wconf 83' lang='lat' dir='ltr'><strong>volunt</strong></span> <span class='ocrx_word' id='word_1_260' title='bbox 2596 4618 2673 4678; x_wconf 88' lang='lat' dir='ltr'><strong>ad</strong></span> <span class='ocrx_word' id='word_1_261' title='bbox 2696 4618 2878 4680; x_wconf 85' lang='lat' dir='ltr'><strong>istum</strong></span> 
     </span>
     <span class='ocr_line' id='line_1_37' title="bbox 1697 4704 2642 4788; baseline 0.003 -21"><span class='ocrx_word' id='word_1_262' title='bbox 1697 4704 1926 4768; x_wconf 83' lang='lat' dir='ltr'><strong>Tsedas</strong></span> <span class='ocrx_word' id='word_1_263' title='bbox 1945 4717 2235 4788; x_wconf 81' lang='lat' dir='ltr'><strong>perpetus</strong></span> <span class='ocrx_word' id='word_1_264' title='bbox 2258 4708 2469 4770; x_wconf 73' lang='lat' dir='ltr'><strong>micare</strong></span> <span class='ocrx_word' id='word_1_265' title='bbox 2493 4708 2642 4779; x_wconf 91' lang='lat' dir='ltr'><strong>luce,</strong></span> 
     </span>
    </p>

    <p class='ocr_par' dir='ltr' id='par_1_7' title="bbox 1635 4801 2694 4884">
     <span class='ocr_line' id='line_1_38' title="bbox 1635 4801 2694 4884; baseline 0.003 -21"><span class='ocrx_word' id='word_1_266' title='bbox 1635 4865 1644 4871; x_wconf 63' lang='grc'><em>,</em></span> <span class='ocrx_word' id='word_1_267' title='bbox 1695 4801 1918 4865; x_wconf 86' lang='lat' dir='ltr'><strong>Lucem</strong></span> <span class='ocrx_word' id='word_1_268' title='bbox 1942 4802 2245 4884; x_wconf 75' lang='lat' dir='ltr'><strong>perpetuis</strong></span> <span class='ocrx_word' id='word_1_269' title='bbox 2266 4801 2467 4866; x_wconf 70' lang='lat' dir='ltr'><strong>edesse</strong></span> <span class='ocrx_word' id='word_1_270' title='bbox 2490 4803 2694 4866; x_wconf 75' lang='lat' dir='ltr'><strong>taedis.</strong></span> 
     </span>
    </p>
   </div>
  </div>
 </body>
</html>
