4384 5817
1278 545 1643 622 onnus
1680 545 2246 634 sco‘romm,
2289 545 2478 618 LIB.
2520 547 2613 618 11.
3263 545 3352 614 67

536 747 937 840 episcopus,
972 743 1103 818 sed
1134 741 1531 816 Murthlacl
1562 743 1960 830 habendus,
1990 743 2314 816 nondum
2346 743 2538 815 enim
2563 759 2796 834 usque
2819 737 2914 811 ad
2935 737 3011 811 S.
3037 735 3344 812 lxvidie

540 864 736 958 regis
767 869 1095 956 tempora
1136 847 1588 954 episcopatus
1634 851 2051 931 Murthlaco
2092 857 2584 930 Aberdonlam
2618 857 3066 944 translatum
3115 863 3190 927 et
3237 863 3346 926 ta-

538 993 711 1052 men
738 977 1047 1050 eundem
1080 990 1395 1048 errorem
1428 976 1509 1046 in
1542 973 2069 1070 Martyrologio
2100 995 2234 1046 suo
2264 974 2718 1066 transcripsit
2764 971 3028 1044 Petrus
3075 969 3352 1042 Galesi-

538 1093 727 1178 nius‚
761 1091 1299 1186 protonotarius
1334 1091 1791 1184 apostolicus.
1891 1088 2198 1184 Scripsit

838 1207 1293 1279 Documenta
1324 1201 1537 1279 Fidei
2435 1205 2560 1278 lib.
2599 1222 2655 1277 1.

836 1319 1227 1418 Evangelii
1258 1311 1735 1394 Narrationes
2435 1322 2562 1392 lib.
2601 1335 2654 1391 1.

838 1434 1207 1529 Epistulas
1242 1437 1335 1508 ad
1367 1436 1691 1509 diversos
2437 1433 2562 1508 lib.
2601 1451 2655 1508 1.

638 1551 919 1625 claruit
970 1575 1161 1624 anno
1212 1563 1425 1623 1111„
1474 1550 1613 1624 sub
1634 1611 1643 1620 .
1662 1551 1938 1646 optimo
1984 1571 2155 1650 rege
2206 1551 2593 1625 Malcolmo
2625 1549 2727 1626 11.
2805 1547 3087 1624 ‘Latius
3119 1551 3235 1648 egi
3269 1550 3348 1621 in

536 1669 979 1740 successione
1012 1667 1347 1740 ecclesiae
1376 1657 1937 1742 Abel-(lonensis.

1462 2013 1541 2087 S.
1592 2007 2143 2090 BERTINUS.
2248 2020 2412 2090 125.

533 2243 615 2318 S.
653 2241 1111 2330 BERTINUS,
1144 2245 1364 2320 abbas
1399 2247 1681 2322 Scotus.
1728 2241 2222 2319 Theodericus
2265 2243 2484 2318 abbas
2529 2241 2604 2316 S.
2653 2241 3022 2318 Trudonis
3055 2244 3136 2316 in
3166 2243 3342 2317 Vita

536 2361 615 2434 S.
650 2361 1045 2435 Rumoldi:
1100 2371 1147 2406 ‘⁶
1180 2361 1415 2436 Novit
1442 2363 1581 2436 hoc
1632 2363 1817 2436 alter
1857 2383 2040 2456 pene
2084 2362 2280 2434 orbis
2325 2361 2732 2446 Britannia,
2754 2377 2940 2440 ‘cum
2974 2361 3341 2456 adjacente

533 2477 801 2562 Scotia,
834 2473 962 2571 qui
995 2480 1247 2552 statim
1279 2487 1365 2552 ut
1398 2477 1493 2551 ab
1522 2475 1721 2552 illius
1769 2479 2218 2551 aeternitatis
2251 2479 2398 2549 sole
2427 2476 2603 2549 tacti
2638 2485 2834 2561 sunt,
2877 2477 2986 2554 illi
3017 2476 3156 2550 sub
3185 2499 3345 2549 um-

539 2591 671 2664 bra
701 2593 885 2688 ejus,
917 2612 1137 2687 quem
1166 2589 1692 2678 desiderabant,
1724 2595 2187 2688 requiescere,
2223 2595 2348 2665 isti
2377 2593 2474 2666 ad
2506 2593 2834 2666 ardorem
2879 2609 3110 2686 usque
3153 2611 3344 2666 mar-

536 2703 717 2801 tyrii
762 2705 1289 2782 festinaverunt
1339 2709 1782 2794 incalescere,
1830 2717 1906 2782 et
1954 2705 2338 2782 stridentia
2385 2709 2936 2803 anhelantiaque
2995 2707 3217 2782 verba
3263 2710 3345 2782 in

536 2824 744 2895 dulce
791 2824 1025 2895 crucis
1066 2824 1291 2896 melos
1324 2824 1729 2896 didicerunt
1772 2823 2188 2922 infringere.
2289 2821 2504 2898 Unde
2547 2833 2788 2898 autem
2836 2825 2972 2898 hoc
3013 2835 3166 2897 tam
3200 2827 3344 2898 late

536 2937 879 3011 diffusum
930 2940 1472 3034 geminarium,
1514 2941 1657 3013 nisi
1697 2941 1871 3034 quia
1910 2941 1991 3012 in
2032 2959 2284 3013 eorum
2327 2939 2661 3013 cordibus
2704 2943 3124 3014 coaluerunt
3165 2937 3224 3012 J
3217 2963 3344 3014 esu

537 3051 817 3127 Christi
868 3077 1073 3127 amor
1124 3063 1196 3128 et
1241 3055 1671 3128 desiderium
1701 3057 1739 3126 Ρ
1865 3055 2197 3128 Assentit
2245 3057 2324 3127 in
2372 3056 2508 3128 hoc
2559 3054 2997 3149 HerbipoIiS‚
3031 3057 3345 3153 gloriosa

536 3169 881 3264 martyris
914 3169 1189 3243 Kiliani
1222 3169 1503 3243 meritis
1534 3179 1609 3244 et
1636 3191 1953 3263 corpore,
1986 3192 2117 3243 nec
2160 3171 2404 3242 minus
2446 3192 2676 3264 prona
2719 3183 3132 3244 sanctorum
3177 3173 3344 3258 Sco·

542 3295 783 3359 torum
814 3285 1097 3368 talium,
1122 3293 1198 3358 et
1226 3293 1599 3359 tantorum
1629 3295 1920 3377 patrum
1957 3287 2458 3359 veneratione:
2507 3285 2998 3360 columbanus
3033 3287 3342 3371 Italiam,
3381 3283 3394 3294 '

538 3397 885 3472 Bet-tinus
916 3409 992 3470 et
1024 3399 1375 3472 Winocus
1408 3401 1780 3473 illustrant
1812 3402 2321 3482 occidentalem
2355 3399 2730 3474 Galliam.”
2828 3401 3077 3474 Vitam
3123 3403 3342 3498 hujus

536 3515 825 3607 scripsit
850 3513 1301 3588 Folchardus
1326 3513 1720 3588 inonachus
1746 3515 2218 3603 Bertinensis,
2254 3525 2330 3590 et
2359 3519 2610 3590 retulit
2644 3517 2900 3589 Surius
2924 3519 3042 3590 die
3067 3535 3145 3589 v·
3173 3517 3344 3610 sep-

538 3629 861 3715 tembris,
896 3639 1071 3704 tom.
1112 3649 1191 3704 v,
1271 3629 1413 3704 Sed
1444 3653 1575 3703 nec
1609 3633 1885 3724 patriae
1916 3631 2061 3717 ille,
2094 3653 2226 3704 nec
2257 3633 2642 3725 parentum
2673 3633 3110 3704 mentionem
3143 3632 3342 3704 facit.

535 3743 973 3838 Anonymus
998 3747 1193 3839 apud
1218 3747 1548 3831 eundem,
1572 3743 1691 3818 die
1716 3765 1835 3820 lx.
1861 3745 2322 3841 Septembris,
2349 3749 2428 3819 in
2453 3746 2630 3819 Vita
2653 3747 2728 3820 S.
2757 3745 3163 3820 Audomari
3185 3771 3341 3842 cap.

537 3877 717 3933 xlx.
754 3879 920 3934 eum
954 3861 1391 3937 monasterio
1422 3863 1771 3935 sithiensi
1804 3864 1895 3935 ab
1928 3863 2175 3934 eodem
2210 3861 2634 3935 Andoma‘ro
2658 3864 3148 3957 praepositum
3173 3866 3344 3938 scri·-

536 3977 668 4051 bit.
770 3975 1209 4073 Anonymus
1256 3981 1440 4051 alter
1484 3979 1561 4050 in
1608 3979 1765 4052 vita
1808 3977 1883 4052 S.
1933 3975 2224 4050 Winoci
2267 3979 2462 4071 apud
2506 3977 2804 4050 Surium
2849 3986 3022 4050 tom.
3069 3997 3180 4052 v1.
3227 3981 3342 4054 die

535 4110 647 4165 Ἡ.
682 4087 1119 4166 Novembris
1150 4097 1359 4188 plene
1392 4095 1662 4166 laudat.
1765 4105 1811 4138 ‘⁸
1846 4095 1937 4168 In
1970 4093 2427 4166 Morinorum
2460 4114 2590 4166 seu
2625 4091 3192 4167 Tarranensium
3235 4119 3344 4168 re-

535 4209 751 4304 gione
793 4207 1070 4281 Beatus
1122 4205 1469 4282 Bertinus
1517 4211 1597 4281 in
1650 4219 2069 4282 ornamento
2117 4211 2450 4282 ecclcsiae
2497 4207 2638 4281 Dei
2672 4218 2828 4282 erat
2859 4211 3044 4302 lapis
3077 4213 3344 4303 pretio·

534 4343 685 4396 sus.
791 4322 884 4396 In
934 4323 1179 4397 Sithin
1228 4325 1665 4398 monasterio
1722 4327 1981 4397 merito
2036 4333 2113 4398 et
2168 4323 2400 4399 officio
2455 4325 2700 4409 abbas,
2761 4324 2882 4396 hic
2938 4325 3342 4399 sanctitatis

534 4457 711 4514 suae
745 4449 1073 4513 aromata
1102 4443 1315 4536 longe
1348 4441 1633 4534 lateque
1666 4442 2129 4534 spiraverat?
2231 4439 2592 4514 Trlthem.
2625 4441 2750 4513 lib.
2783 4459 2905 4514 ιιι.
2942 4442 3033 4513 de
3061 4441 3222 4515 Vir.
3258 4441 3345 4513 il-

538 4557 748 4627 lustr.
784 4553 1043 4628 Ordin.
1078 4553 1153 4626 S.
1192 4553 1571 4628 Benedicti
1606 4577 1761 4650 cap.
1798 4571 1927 4628 cv·

634 4669 751 4743 De
799 4681 1051 4744 exacta
1098 4674 1389 4768 regulae
1440 4671 1515 4744 S.
1567 4669 1849 4743 Bertini
1897 4669 2415 4757 observatione,
2450 4672 2546 4747 D.
2585 4673 2940 4746 Bernardi
2980 4675 3343 4767 praeclara

534 4794 789 4860 extant
847 4788 1173 4860 encomia
1226 4786 1549 4880 epistolis
1608 4803 1833 4858 oxu.
1895 4803 2155 4861 cxmt.
2211 4804 2507 4862 oxum,
2561 4805 2845 4863 cxmv.
2972 4787 3342 4862 Recolitur

4337 5165 4344 5570 .—--...-—-—-——
4340 5061 4344 5138 .,--
4339 4851 4344 4936 ——
