4384 5817
996 577 1169 642 294·
1784 573 2254 647 HISTORIA
2299 571 3054 649 ECCLESIASTICA

1401 765 1720 854 blicavit,
1744 777 1819 842 et
1842 769 2204 842 dedicavit
2233 768 2286 840 J
2285 769 2506 844 acobo
2539 769 2877 857 Betonio,
2913 769 3196 844 Scotiae
3220 771 3538 865 primati,
3571 782 3820 866 postea

1236 1065 1243 1072 .
1302 885 1941 1076 Gozatifliilantlilonem
1976 1000 2191 1076 Pauli
2226 1000 2526 1076 Aemilii
2563 1001 2938 1077 Historiae
2975 1001 3313 1088 Gallicae,
3347 1012 3423 1076 et
3455 1005 3618 1078 alia.

1101 1115 1384 1190 claruit
1416 1139 1611 1190 anno
1648 1135 1991 1192 unxxx.

2040 1355 2115 1428 S.
2168 1354 2529 1429 FULco.
2631 1357 2802 1428 555.

1013 1599 1059 1630 ‘⁶
1090 1587 1165 1660 S.
1202 1587 1513 1673 FULCO,
1548 1589 1893 1675 Fulchus,
1928 1599 2058 1663 aut
2090 1589 2463 1676 Fulchius,
2500 1590 2628 1684 qui
2661 1611 2756 1662 ex
2784 1597 3002 1686 gente
3033 1587 3250 1662 Scota
3271 1587 3685 1672 oriundus?
3711 1587 3818 1658 in·

1010 1705 1171 1799 quit
1205 1702 1727 1778 Constantinus
1780 1705 2093 1778 Ghinius
2142 1727 2311 1802 pag.
2349 1723 2650 1778 Lxx1x.
2705 1713 2750 1748 ‘⁶
2787 1704 3204 1778 Placentiae
3251 1705 3484 1778 literis
3533 1727 3822 1798 operam

1011 1821 1257 1908 dans,”
1332 1822 1837 1894 canonicorum
1916 1821 2540 1908 Lateranensium,
2629 1823 2723 1894 ad
2807 1821 2883 1895 S.
2951 1819 3428 1915 Euphemiae,
3493 1821 3822 1895 habitum

1014 1937 1301 2023 induit3
1365 1936 1685 2010 Parisios
1733 1938 1997 2011 missus
2048 1937 2455 2010 studiorum
2506 1961 2680 2036 ergo
2731 1937 3326 2035 theologicorum,
3383 1959 3471 2010 ac
3529 1937 3822 2012 Placen-

1014 2053 1193 2126 tiam
1238 2075 1592 2138 reversus,
1643 2055 2100 2149 praepositus
2146 2054 2470 2128 coenobii
2519 2057 2634 2128 sui
2683 2055 2919 2128 factus
2951 2081 2976 2145 3
3033 2064 3195 2127 tum
3243 2055 3822 2152 archipresbyter

1014 2168 1443 2242 cathedralis
1520 2161 1877 2254 ecclesiae,
1954 2179 2029 2242 et
2094 2179 2384 2244 mortno
2447 2171 2812 2244 Grimerio
2877 2173 3256 2264 episcopus
3319 2179 3627 2255 creatus,
3696 2173 3820 2244 sed

1014 2297 1179 2379 post
1226 2309 1357 2360 sex
1404 2309 1654 2371 annos,
1710 2288 1941 2361 literis
1995 2285 2306 2361 Honorii
2359 2285 2500 2361 ΙΙΙ.
2553 2290 2647 2360 ad
2695 2287 3152 2361 Tieinensem
3205 2287 3448 2360 sedem
3503 2297 3822 2373 vocatus,

1018 2405 1397 2500 singulari,
1446 2413 1535 2477 ut
1583 2405 1809 2498 prius,
1858 2404 2244 2477 sanctitate
2291 2405 2672 2498 praesedit,
2725 2413 2810 2477 ut
2859 2403 3212 2476 miracula
3257 2401 3474 2476 fidem
3521 2403 3823 2478 faciunt.

1018 2518 1221 2594 Haec
1254 2543 1345 2594 ex
1390 2521 1639 2615 Spelta
1666 2523 1749 2594 in
1779 2519 1959 2596 Vita
1990 2519 2520 2616 Episcoporum
2558 2519 3048 2614 Papiensium,
3083 2529 3158 2593 et
3190 2519 3536 2594 Breuent.
3571 2521 3652 2592 in
3689 2520 3828 2594 Hi-

1020 2639 1268 2723 storia,
1348 2647 1567 2734 atque
1642 2640 1865 2712 etiam
1928 2636 1979 2708 J
1980 2638 2200 2711 acobo
2267 2637 2528 2710 Gualla
2591 2640 2670 2708 in
2739 2635 3166 2709 Sanctuario
3253 2635 3544 2730 Papiae,
3627 2639 3828 2711 insu-

1015 2776 1147 2847 per
1204 2754 1435 2828 officia
1482 2755 1864 2849 utriusque
1916 2756 2272 2840 ecclesiae,
2331 2778 2422 2827 ex
2473 2754 2736 2848 quibus
2789 2749 3039 2826 eadem
3091 2751 3362 2846 Philip.
3417 2753 3822 2838 Ferrarius,

1020 2873 1283 2945 iterum
1318 2873 1593 2945 ordinis
1625 2871 2017 2946 Servorum
2049 2873 2430 2968 generalis,
2464 2873 2554 2942 de
2583 2869 2870 2944 Sanctis
2903 2869 3160 2943 Italiae
3209 2893 3377 2968 pag.
3415 2888 3823 2943 Dchxl‘V.

1021 2990 1151 3082 qui
1184 2990 1287 3062 sic
1318 2998 1604 3062 narrat:
1644 2997 1689 3032 ‘⁶
1723 2987 2015 3074 Fulcus,
2050 3009 2179 3060 seu
2213 2987 2462 3071 Iffilco,
2497 2989 2788 3062 natione
2821 2985 3078 3060 Scotus
3092 2989 3153 3058 :”
3201 2987 3394 3060 unde
3426 2988 3664 3060 oritur
3695 2990 3826 3060 du-

1019 3105 1223 3178 bium
1258 3109 1337 3178 in
1369 3107 1697 3190 historia,
1750 3105 1941 3178 sitne
1988 3105 2109 3176 hic
2154 3105 2274 3176 vir
2321 3105 2816 3176 sanctissimus
2865 3111 3082 3199 gente
3131 3101 3412 3188 Scotus,
3462 3114 3550 3178 ut
3599 3105 3828 3200 loqui-

1019 3234 1144 3297 tur
1199 3222 1535 3307 Ghinius,
1595 3222 1733 3294 hoc
1784 3231 1915 3307 est,
1974 3243 2067 3294 ex
2122 3219 2404 3292 familia
2458 3217 2838 3292 Scotorum
2895 3218 3340 3305 Placentina,
3389 3241 3485 3293 an
3535 3221 3826 3293 natione

1026 3341 1305 3425 Scotu8‚
1364 3348 1452 3411 ut
1503 3338 1723 3411 habet
1785 3338 2188 3410 Ferrarius.
2315 3334 2456 3411 Vir
2509 3337 3037 3420 ornatissimus,
3091 3336 3426 3430 idemque
3483 3337 3827 3410 historiae

1022 3457 1533 3532 ecclesiasticae
1588 3455 2163 3538 callentissimus,
2222 3452 2485 3526 Petrus
2537 3451 2780 3524 Maria
2825 3450 3168 3546 Campus,
3221 3455 3607 3526 canonicus
3666 3453 3828 3526 Pla·

1026 3574 1380 3659 centinus,
1451 3581 1695 3645 censet
1750 3593 1915 3644 eum
1974 3593 2122 3642 non
2188 3571 2269 3641 in
2335 3569 2580 3642 Scotia
2641 3578 2921 3654 natum,
2989 3571 3114 3642 sed
3181 3593 3274 3642 ex
3337 3572 3830 3644 illustrissima

1036 3691 1414 3763 Scotorum
1451 3689 1863 3761 Placentiae
1895 3695 2157 3783 gente;
2211 3695 2284 3759 et
2319 3709 2411 3759 ex
2461 3689 2710 3760 multis
2759 3686 2964 3772 actis,
3015 3695 3234 3782 atque
3283 3689 3462 3760 adeo
3509 3690 3832 3761 testimo-

1028 3809 1151 3879 nio
1202 3807 1431 3900 ipsius
1482 3804 1795 3889 Fulchii,
1846 3803 2105 3896 probat
2144 3825 2312 3876 eum
2367 3825 2557 3876 anno
2609 3804 2869 3876 aetatis
2919 3825 3096 3876 suae
3147 3805 3368 3876 tertio
3418 3802 3829 3878 Placentiae

1026 3925 1273 4006 fuisse,
1308 3934 1393 3994 ut
1426 3924 1543 3993 vel
1576 3923 1723 3992 illic
1755 3929 2011 3992 natum
2046 3929 2396 4014 oporteat,
2447 3922 2564 3992 vel
2607 3919 2959 3992 infantem
2994 3920 3238 3993 Scotia
3269 3921 3530 3993 efferri.
3635 3921 3830 3994 Hinc

1027 4049 1227 4134 patet
1303 4061 1521 4132 quam
1598 4037 1887 4130 stupide
1965 4035 2331 4108 Henricus
2406 4035 2862 4110 Fitz-Simon
2926 4036 3334 4111 Hirlandus
3421 4035 3831 4110 Hibernum

1029 4160 1223 4230 hunc
1278 4165 1607 4228 sanctum
1658 4153 1931 4237 fecerit,
1982 4175 2113 4224 nec
2162 4153 2309 4224 alia
2355 4155 2636 4226 ratione
2686 4177 2906 4250 quam
2956 4156 3126 4249 quia
3175 4164 3392 4251 gente
3442 4153 3657 4227 Scota
3707 4177 3832 4227 na·

1027 4288 1171 4348 tus.
1285 4272 1505 4344 Bulla
1577 4271 1889 4343 Honorii
1949 4269 2091 4342 111.
2153 4271 2243 4343 de
2299 4293 2448 4365 quo
2505 4271 2852 4355 dicebam,
2911 4272 2990 4344 in
3048 4271 3407 4344 tabulario
3461 4269 3830 4343 Ticinensi

1029 4397 1419 4473 asservata,
1446 4387 1553 4460 sic
1570 4388 1921 4480 loquitur:
1958 4397 2004 4430 ‘⁶
2022 4385 2098 4460 S.
2125 4386 2455 4472 Falconi,
2480 4387 2812 4481 episcopo
2834 4387 3242 4482 Papiensi.’'
3291 4385 3458 4484 Ego
3487 4389 3566 4458 in
3587 4387 3834 4460 Mene-

1028 4510 1225 4606 logio
1284 4527 1453 4602 pag.
1517 4520 1789 4574 XXVII.
1848 4525 2226 4598 perperam
2283 4505 2540 4598 putavi
2591 4527 2662 4576 a·
2687 4504 3058 4578 'l'icinensi
3111 4507 3278 4576 sede
3331 4506 3424 4577 ad
3478 4502 3834 4578 Placenti·

1028 4647 1199 4700 nam
1246 4625 1704 4703 translatum,
1754 4642 1921 4694 cum
1970 4643 2013 4692 e
2060 4630 2314 4694 contra
2361 4646 2406 4694 a
2456 4621 2875 4695 Placentina
2923 4623 3014 4694 ad
3067 4621 3522 4694 'ficinensem
3569 4622 3834 4716 migra-

1029 4747 1151 4818 rit.
1254 4742 1542 4836 Spiritu
1600 4737 2023 4836 prophetiae
2074 4739 2548 4824 nobilitatur3
2619 4761 2788 4811 nam
2855 4763 3022 4813 cum
3087 4749 3512 4834 paupertate
3578 4761 3834 4830 paren·

1031 4875 1187 4936 tum
1268 4883 1543 4956 suaque
1616 4866 1907 4933 coactus
1990 4856 2234 4931 cibum
2317 4863 2616 4950 peteret,
2707 4857 2965 4928 ancilla
3045 4855 3463 4929 mercatoris
3538 4875 3834 4925 manum
