4384 5817
605 808 1627 926 -HISTORIAE
1711 805 3251 924 EOOLESIASTIOAE

1206 1017 1776 1174 GENT‘IS
1850 1068 2659 1172 sco'rORUM

1651 1351 2026 1436 LIBER
2067 1351 2234 1436 .IV.

1564 1667 1640 1740 S.
1691 1625 2046 1740 DAVID.
2149 1664 2318 1739 362.

538 1902 610 1975 S.
645 1903 1060 1974 Dimum
1093 1900 1288 1972 hunc
1320 1899 1858 1995 Bangorensem
1896 1897 2176 1970 faciunt
2223 1898 2513 1968 annales
2560 1897 2857 1992 Anglici
2904 1897 3339 1987 episcopum,

541 2029 614 2091 et
657 2019 918 2090 Franc.
965 2016 1298 2090 Godwin.
1345 2017 1470 2087 lib.
1507 2016 1597 2092 de
1638 2014 1959 2087 Praesul.
1997 2011 2289 2107 Anglic.
2338 2034 2503 2106 pag.
2542 2030 2899 2083 DchuI.
2948 2033 3115 2082 eum
3159 2013 3345 2081 male

541 2157 708 2206 cum
732 2135 960 2205 altero
983 2132 1266 2204 Davide
1291 2131 1734 2202 confundens
1760 2150 1783 2214 3
1818 2151 1989 2200 nam
2022 2129 2142 2198 ille
2167 2129 2485 2199 discendi
2522 2129 2764 2199 studio
2798 2138 3011 2198 extra
3032 2127 3346 2219 patriam

539 2249 1064 2347 peregrinatus,
1117 2246 1662 2339 Herbipolensis
1709 2245 2109 2316 academiae
2153 2242 2425 2326 doctor,
2475 2243 2793 2315 Henrico
2812 2244 2921 2317 ·V.
2974 2242 3267 2314 Caesari
3302 2263 3347 2311 a

539 2365 784 2446 sacris,
819 2364 898 2433 in
934 2362 1220 2434 Italiam
1269 2360 1654 2455 profectus,
1701 2381 1849 2430 non
1883 2359 2172 2430 videtur
2218 2359 2298 2428 in
2330 2360 2679 2454 Angliam
2723 2361 3045 2442 rediisse,
3076 2368 3164 2428 ut
3195 2367 3347 2428 tam

543 2492 832 2552 tenuem
882 2479 1372 2570 episcopatmn
1420 2477 1831 2568 susciperet,
1882 2475 2197 2544 maxime
2254 2496 2419 2545 cum
2480 2474 2857 2546 conradus
2915 2473 3344 2554 Lichtenau,

543 2617 674 2667 nec
722 2592 1408 2674 Malmesburiensis,
1460 2593 1684 2662 ullam
1733 2591 2009 2662 reditus
2059 2591 2219 2684 ejus
2268 2591 2349 2660 in
2398 2588 2860 2662 Britanniam
2909 2590 3345 2660 mentionem
3452 2607 3461 2616 ·

542 2710 834 2782 faciant.
925 2708 1226 2780 Henrici
1260 2706 1390 2779 IV.
1428 2707 1882 2798 imperatoris
1915 2706 2205 2777 favebat
2238 2706 2589 2798 partibus·
2659 2704 2897 2776 Notae
2930 2703 3190 2775 Franc.
3215 2702 3268 2774 J
3269 2726 3353 2773 u-

545 2827 686 2896 reti
719 2827 812 2896 ad
847 2823 1053 2895 Ivon.
1088 2822 1476 2894 Carnoten.
1511 2823 1719 2915 epist.
1757 2839 1942 2894 cxc.
1983 2821 2111 2893 ubi
2145 2843 2311 2892 eum
2353 2820 2651 2892 Scotum
2692 2828 2925 2904 vocat,
2968 2830 3043 2890 et
3082 2819 3352 2911 episco-

544 2963 724 3032 pum
767 2941 1370 3012 Bancornensem.
1448 2938 1714 3010 Postea
1745 2935 2088 3010 acerrime
2120 2945 2363 3028 partes
2396 2934 2816 3027 pontificum
2854 2935 3161 3005 tuendas
3196 2957 3353 3005 sus-

547 3056 758 3149 cepit.
863 3053 1052 3149 Ejus
1086 3062 1261 3125 sunt

844 3167 1087 3240 Multa
1133 3169 1215 3239 in
1263 3167 1758 3264 Theologiam,
1809 3189 2116 3261 quorum
2169 3167 2543 3258 quaedam,
2595 3175 2681 3237 ut
2729 3164 2967 3246 audio,
3018 3162 3230 3234 MSS.
3276 3166 3355 3234 in

945 3283 1378 3355 bibliotheca
1410 3281 1713 3378 Collegii
1747 3282 2200 3354 Benedictini
2234 3291 2408 3352 sunt
2442 3280 2974 3374 cantabrigiae.

649 3401 1124 3472 Consecratus
1157 3407 1267 3470 est
1299 3401 1672 3491 episcopus
1705 3421 1894 3468 anno
1929 3413 2199 3467 Mcxx.
2248 3419 2394 3489 quo
2436 3417 2626 3466 anno
2669 3395 2887 3465 etiam
2921 3395 3119 3486 prior
3154 3393 3353 3465 flore-

551 3517 698 3601 bat,
750 3517 832 3586 in
891 3518 1134 3586 aulam
1190 3513 1490 3585 Henrici
1549 3515 2002 3606 imperatoris
2053 3513 2456 3604 praefectus
2507 3532 2670 3582 cum
2724 3511 3031 3582 Matilda
3077 3509 3227 3580 filia
3278 3508 3350 3579 S.

558 3630 908 3705 Matildae
943 3629 1220 3702 Scotae.
1255 3628 1517 3701 Guliel.
1553 3628 2215 3702 Malmesburiensis
2250 3628 2375 3699 lib.
2405 3645 2477 3696 V.
2520 3635 2565 3668 ‘⁶
2597 3625 2839 3698 David
2872 3624 3128 3697 Scotus
3164 3623 3353 3695 Ban-

555 3746 916 3820 cornensis
951 3746 1386 3839 episcopus,'’
1420 3742 1553 3816 &c.

1575 3975 1648 4047 S.
1701 3974 2054 4048 DAVID.
2157 3972 2325 4046 363.

557 4213 628 4282 S.
693 4211 1001 4292 DAVID,
1063 4210 1246 4280 alius
1307 4209 1534 4300 priori
1593 4210 1806 4302 longe
1873 4207 2265 4300 antiquior,
2324 4208 2697 4300 episcopus
2758 4207 2899 4279 fuit
2969 4207 3359 4279 Meneven-

414 4391 424 4400 .
559 4329 657 4398 sis
707 4327 786 4396 in
833 4324 1128 4420 Anglia,
1175 4345 1258 4394 ac
1301 4319 1708 4394 Wallorum
1754 4325 2143 4414 apostolus,
2195 4323 2401 4416 cujus
2452 4324 2848 4394 etiamnum
2900 4325 3112 4394 hodie
3164 4347 3364 4395 sum-

559 4463 680 4512 ma
709 4452 822 4512 est
862 4440 1231 4511 veneratio
1269 4439 1459 4530 apud
1494 4461 1651 4509 eam
1694 4447 2006 4533 gentem.
2106 4434 2415 4508 Ineunte
2446 4446 2681 4510 aetate
2714 4439 2995 4510 audivit
3030 4438 3157 4509 SS.
3197 4438 3360 4509 Hil-

561 4565 806 4627 tutum
854 4564 929 4626 et
967 4553 1384 4636 Paulinum,
1435 4576 1481 4623 a
1513 4576 1823 4646 quorum
1867 4550 2169 4623 lectione
2213 4569 2293 4622 x.
2346 4552 2555 4622 annis
2605 4553 2777 4623 totis
2824 4551 2898 4622 S.
2948 4553 3360 4646 Scripturae

562 4670 1013 4742 meditationi
1041 4668 1392 4740 incubuit.
1427 4666 1837 4760 Discipulos
1864 4677 2102 4738 autem
2137 4667 2396 4739 habuit
2420 4668 2736 4738 maxima
2758 4691 2848 4738 ex
2873 4679 3080 4761 parte
3113 4668 3360 4739 Scotos

568 4784 948 4867 Kinotum,
1013 4783 1408 4866 Aidanum,
1441 4783 1858 4866 ·Madocon,
1918 4780 2205 4868 Ismael‚
2265 4782 2687 4866 Paternum,
2746 4793 2819 4854 et
2881 4782 3359 4867 Thelianum3

1884 4903 1930 4968 2
1967 4913 2023 4971 D
