4384 5817
1061 571 1191 632 220
1829 571 2294 640 HISTORIA
2340 571 3087 642 ECCLESIASTICA

1169 760 1368 830 Haec
1409 761 1534 830 illa
1564 781 1740 854 gens
1783 769 1915 844 est,
1957 783 2142 854 quae
2187 779 2397 832 xvn.
2442 785 2605 834 cum
2648 763 2937 858 regibus
2984 761 3213 838 Scotis
3246 763 3625 838 affinitates
3676 790 3833 838 con-

1067 877 1310 958 traxit,
1352 884 1425 945 et
1463 897 1609 946 non
1643 897 1902 966 paucas
1945 897 2107 947 cum
2152 875 2416 971 Anglis
2460 877 2708 948 itidem
2754 878 3066 970 regibus,
3112 901 3297 968 quae
3340 887 3451 952 tot
3494 891 3691 952 retro
3734 903 3851 952 se·-

1065 969 1242 1060 culis
1289 991 1594 1081 primam
1647 992 1870 1062 aciem
1918 993 2271 1063 exercitus
2320 991 2525 1086 regii,
2562 993 2729 1084 jure
2774 1012 2929 1072 suo,
2972 993 3231 1074 duxit3
3284 993 3377 1064 ad
3418 993 3591 1065 haec
3622 997 3827 1068 comi-

1061 1113 1256 1176 tatus
1321 1107 1398 1176 in
1465 1105 1706 1177 Scotia
1766 1108 1898 1178 hos
1963 1104 2342 1200 Douglasii
2419 1114 2827 1188 tenuerunt,
2914 1103 3323 1189 Eusdaliae,
3392 1107 3825 1194 Tevidaliae,

1060 1219 1532 1311 Clydsdaliae,
1567 1220 2118 1312 Vachopdaliae,
2155 1219 2675 1300 Annandaliae.
2708 1221 3133 1306 Nitsdaliae,
3182 1223 3621 1308 Murraviae,
3672 1223 3831 1296 Gal-

1058 1337 1384 1417 lovidiae,
1437 1335 1874 1418 Ormundae,
1921 1335 2349 1418 Mortoniae,
2394 1335 2967 1430 Douglasdaliae,
3012 1335 3425 1421 Balveniae,
3474 1335 3827 1421 Atholiae‚

1059 1459 1133 1521 et
1155 1449 1549 1544 Angusiae,
1586 1461 1672 1520 ut
1703 1451 1971 1542 passim
2004 1451 2082 1520 in
2111 1450 2435 1524 historiis
2466 1450 2943 1533 nostratibus;
2980 1451 3273 1543 insuper
3304 1453 3382 1522 in
3416 1451 3654 1523 Gallia
3686 1454 3829 1524 Tu-

1058 1567 1344 1637 ronensi
1410 1567 1698 1648 ducatu,
1769 1565 1862 1636 ob
1927 1565 2184 1666 fortem
2254 1567 2543 1659 regibus
2600 1563 2967 1636 Francicis
3034 1567 3452 1656 praestitam
3520 1591 3825 1660 operam,

1057 1683 1324 1762 donati,
1359 1683 1522 1772 plus
1554 1703 1772 1773 quam
1806 1679 2078 1752 subditi
2111 1681 2340 1750 videri
2376 1690 2687 1772 possent.
2788 1679 2931 1750 Sed
2962 1679 3134 1752 haec
3166 1683 3429 1776 exigua
3462 1693 3634 1754 sunt
3666 1705 3829 1774 prae
3917 1675 3925 1680 ’

1053 1820 1158 1882 e0,
1193 1800 1385 1889 quod
1417 1799 1494 1868 in
1527 1798 1846 1887 ipsorum
1881 1796 2184 1890 gloriam
2218 1796 2447 1879 cadat,
2494 1817 2864 1888 nunquam
2910 1818 2997 1864 ex
3040 1796 3175 1866 hac
3220 1797 3562 1868 comitum
3611 1799 3827 1890 stirpe

1051 1916 1282 1983 ullum
1315 1913 1682 1984 haereseos
1715 1911 1873 1982 labe
1905 1910 2295 1981 infectum:
2344 1919 2427 1980 ut
2452 1911 2620 2002 jure
2652 1909 2967 1980 dubitari
3014 1913 3264 2002 possit,
3312 1913 3711 2006 majoresne
3752 1915 3825 1984 in

1051 2027 1264 2099 Italia
1296 2028 1672 2122 Douglasii
1715 2025 1908 2098 Scoti
1953 2026 2158 2108 rami,
2208 2047 2303 2096 an
2345 2025 2424 2095 in
2466 2025 2703 2116 patria
2742 2023 3142 2118 Douglasia
3184 2025 3461 2098 familia
3504 2039 3839 2100 truncus..

1049 2144 1137 2214 In
1190 2143 1506 2214 Hem-ico
1558 2141 2064 2213 Huntindonio
2111 2140 2451 2211 mendum
2506 2143 2759 2233 ingens
2818 2140 2944 2210 lib.
2998 2159 3087 2224 11.
3139 2162 3303 2235 pag.
3356 2159 3603 2214 cxxc.
3654 2145 3817 2213 dum

1047 2259 1294 2330 scribit
1312 2258 1716 2328 fabulosum
1739 2267 1784 2299 “
1801 2255 2215 2327 Arthurum
2235 2255 2495 2326 bellum
2522 2256 2823 2348 gessisse
2848 2255 2927 2324 in
2952 2253 3281 2349 Dulglas,
3302 2265 3375 2326 et
3398 2258 3623 2327 silvae
3648 2256 3825 2330 che-

1047 2375 1368 2456 lidonis,”
1403 2395 1626 2465 eaque
1657 2373 1952 2442 nomina
1983 2393 2164 2441 aevo
2196 2393 2330 2441 suo
2360 2369 2583 2440 fuisse
2616 2371 2866 2462 ignota
2920 2367 3277 2464 [constat]
3310 2391 3331 2452 3
3380 2373 3499 2442 sed
3554 2363 3823 2468 corrige

1047 2501 1090 2532 “
1113 2489 1414 2582 Duglas‚
1451 2497 1523 2558 et
1555 2489 1738 2558 silva
1762 2487 2211 2570 Caledonia,”
2245 2495 2318 2556 et
2352 2487 2453 2556 sic
2483 2485 2711 2555 facilis
2746 2484 2941 2568 fides,
2980 2494 3053 2557 et
3084 2488 3239 2556 loco
3272 2487 3376 2556 illi
3410 2489 3836 2580 antiquitas..

1043 2605 1182 2674 Sed
1216 2605 1306 2673 ad
1339 2603 1664 2674 abbatem
1699 2603 1932 2685 redeo,
1981 2603 2108 2694 qui
2154 2599 2407 2670 Grimo
2446 2601 2621 2695 regi,
2666 2609 2741 2670 et
2772 2599 2847 2670 S.
2884 2599 3213 2670 Fothado
3249 2601 3819 2676 Sanctandreano

1043 2721 1372 2811 episcopo
1403 2740 1632 2801 carus,
1667 2719 1992 2788 meliores
2025 2727 2273 2808 postea
2312 2724 2553 2808 partes
2596 2723 2903 2797 secutus,
2951 2714 3335 2785 Malcolmo
3372 2719 3527 2812 regi
3574 2739 3621 2788 a
3662 2741 3821 2788 con-

1041 2833 1429 2904 sessionum
1463 2835 1683 2904 sacris
1717 2833 1882 2903 fuit.
1985 2832 2289 2923 Scripsit

1339 2947 1452 3018 De
1485 2947 1769 3019 Praelio
1799 2951 1892 3018 ad
1924 2947 2347 3018 Achnabart
2822 2944 2946 3015 lib.
2984 2963 3038 3016 1.

1332 3064 1478 3135 Pro
1512 3063 1894 3134 Malcolmo
1927 3061 2128 3155 Rege
2818 3060 2943 3132 lib.
2980 3078 3039 3134 1.
3136 3061 3367 3131 Index
3433 3059 3815 3151 Caprensis

1431 3180 1788 3251 Gulielmo
1821 3176 2219 3272 Douglasio
2249 3175 2425 3246 haec
2458 3176 2835 3258 attribuit;
2887 3199 3019 3270 ego
3064 3185 3243 3268 puto
3292 3175 3483 3246 hunc
3524 3197 3697 3258 esse,
3730 3199 3817 3248 ex

1428 3294 1754 3388 Catalogi
1791 3293 2198 3385 fragmento
2231 3289 2599 3362 Abbatum
2636 3291 3269 3362 Mailrosiensium.

1129 3411 1438 3482 Vivebat
1471 3433 1660 3481 anno
1695 3425 1910 3478 Mvn.
1947 3416 2020 3476 et
2055 3424 2245 3476 Mxl.
2349 3405 2493 3474 Hic
2524 3405 2741 3474 etiam
2776 3406 3169 3476 claustrum
3204 3405 3439 3476 ordini
3472 3427 3629 3489 suo,
3658 3405 3829 3477 aere'

1031 3549 1182 3610 suo,
1219 3525 1468 3596 erexit.

2035 3719 2107 3789 S.
2159 3717 2540 3789 DOBAN.
2642 3721 2811 3788 402.

1032 3873 1103 3944 S.
1150 3874 1446 3944 DOBAN
1483 3871 1758 3950 Scotus,
1813 3871 2000 3940 unus
2046 3893 2134 3938 ex
2179 3867 2253 3937 S.
2302 3867 2658 3938 Bonifacii
2706 3865 2922 3949 Scoti,
2956 3867 3464 3958 archiepiscopi
3508 3867 3811 3962 Mogun·

1031 3993 1168 4061 tini
1220 4000 1293 4061 et
1335 3989 1732 4058 Frisiorum
1786 3986 2111 4076 apostoli,
2157 3985 2467 4077 collegis,
2516 3983 2749 4052 socius
2800 3984 3015 4052 etiam
3052 3983 3369 4076 ejusdem
3412 3983 3817 4076 peregrina·

1030 4107 1270 4188 tioniS,
1304 4113 1389 4174 ut
1421 4103 1737 4196 prodidit
1771 4101 1844 4171 S.
1882 4099 2315 4170 Wilibaldus
2350 4098 2425 4167 in
2460 4095 2637 4168 Vita
2670 4097 2743 4167 S.
2780 4097 3134 4168 Bonifacii
3164 4119 3328 4192 pag.
3359 4113 3807 4168 cccmtvln.

1031 4221 1200 4290 edit.
1249 4219 1693 4290 canisianae.
1797 4216 1918 4287 Ab
1966 4217 2212 4286 eodem
2256 4215 2331 4283 in
2366 4213 2775 4303 episcopum
2810 4211 3321 4282 Trehetensem
3368 4221 3809 4304 surrogatus,

1027 4337 1536 4428 Wintungum,
1599 4333 2026 4413 walterum,
2078 4337 2152 4399 et
2204 4327 2629 4398 Heilherum
2678 4327 3099 4398 sacerdotali
3146 4328 3531 4420 insignivit
3576 4326 3809 4420 digni-

1027 4461 1194 4522 tate.
1299 4449 1600 4539 Scripsit

1315 4564 1688 4635 Adversus
1723 4561 2042 4632 Gentiles
2868 4553 2989 4627 lib.
3028 4573 3116 4625 11.

1313 4679 1806 4770 Epistolarum
2870 4671 2992 4742 lib.
3030 4689 3081 4740 1.

1123 4797 1405 4866 Floruit
1439 4815 1628 4863 anno
1663 4809 1934 4862 neem.
2037 4789 2321 4860 Colitur
2356 4805 2605 4858 xxnt.
2640 4786 3075 4857 Decembris.
