4384 5817
1042 559 1175 627 260
1806 561 2278 634 HISTORIA
2323 563 3076 636 ECCLESIASTICA

1045 758 1217 838 lero,
1250 755 1477 828 frater
1508 753 1583 826 S.
1616 752 1669 825 J
1668 755 1944 839 oannis,
1978 755 2107 846 qui
2140 755 2610 830 constantiae
2643 759 3040 852 episcopus,
3085 767 3174 832 ut
3211 758 3410 834 infra
3437 760 3576 834 hoc
3606 785 3841 855 opere,

1046 893 1137 942 ex
1163 871 1219 941 J
1218 894 1359 946 ona
1390 871 1667 954 abbate,
1704 871 2025 958 videbis3
2078 873 2398 947 maxima
2431 895 2604 948 vero
2649 873 3132 948 continentiae
3165 875 3412 968 opinio
3443 899 3688 950 secum
3719 882 3846 950 mi-

1044 991 1289 1062 racula
1320 988 1569 1071 traxit,
1604 997 1689 1060 ut
1724 996 1885 1060 acta
1916 989 2254 1060 ecclesiae
2285 988 2858 1066 constantiensis
2893 999 3278 1066 testantur.

1144 1103 1431 1178 Floruit
1464 1127 1659 1180 anno
1692 1121 2007 1177 Dchx.
2110 1104 2288 1180 Dies
2321 1107 2662 1180 incertus.

1906 1336 1983 1410 s.
2038 1336 2690 1414 EVERARDUS.
2793 1289 2964 1422 4⁶⁷9.

1036 1569 1109 1643 S.
1146 1571 1663 1646 EVEBARDUS
1697 1574 2081 1658 confessor,
2124 1583 2198 1646 et
2233 1573 2452 1646 abbas
2486 1573 2976 1649 cistertiensis
3009 1575 3288 1663 Scotus,
3337 1576 3414 1650 S.
3469 1577 3838 1651 Waltheni

1036 1689 1537 1775 confessarius,
1572 1691 1755 1763 etin
1788 1692 2216 1764 canonicatu
2250 1691 2591 1764 Kirkhan
2637 1691 2896 1776 socius,
2945 1693 3368 1788 primusque
3417 1695 3656 1778 abbas,
3689 1719 3838 1768 mo·-

1036 1808 1335 1879 nasterii
1370 1808 1565 1880 illius
1599 1807 1897 1903 celebris
1930 1809 2009 1880 in
2042 1805 2391 1884 Cumbria
2433 1830 2479 1878 a
2522 1805 2785 1880 Sancto
2821 1808 3126 1894 Davide,
3159 1809 3442 1884 Scotiae
3473 1835 3666 1908 rege,
3713 1824 3838 1884 aut

1034 1924 1191 2018 ejtis
1240 1923 1467 1997 fratre
1516 1924 1807 2016 Simone
1851 1923 2110 1996 comite
2158 1922 2471 2008 fundati,
2519 1925 2715 2016 quod
2762 1925 2854 1996 de
2903 1925 3124 1999 Ulmo
3171 1928 3314 1999 dici
3362 1929 3565 2011 solet,
3617 1932 3834 2024 vulgo

1034 2038 1687 2114 Holmecultrame:
1722 2063 1893 2112 nam
1926 2061 2091 2114 cum
2124 2041 2207 2112 in
2231 2040 2718 2114 Mailrosiensi
2753 2043 3066 2114 claustro
3095 2065 3248 2115 una
3277 2065 3443 2115 cum
3477 2045 3832 2116 sanctissi-

1030 2177 1148 2228 mo
1182 2179 1351 2228 sene
1384 2156 1776 2230 Waltheno
1804 2155 2141 2229 habitum
2174 2158 2554 2241 induisset,
2599 2181 2685 2229 eo
2731 2158 2822 2230 ad
2855 2181 3105 2230 curam
3137 2161 3462 2255 ejusdem
3494 2162 3630 2232 loci
3665 2163 3828 2233 sub-

916 2297 929 2312 ·
1026 2274 1348 2357 sistente,
1380 2273 1500 2344 hic
1530 2275 1609 2346 in
1640 2293 1916 2346 novum
1950 2273 2470 2346 monasterium
2515 2275 2607 2346 de
2655 2273 2876 2346 Ulmo
2925 2275 3216 2361 missus,
3261 2278 3588 2373 regimen
3630 2299 3831 2348 exor-

1027 2412 1175 2472 sus,
1209 2412 1373 2461 cum
1410 2388 1773 2462 Henrieus
1806 2388 1999 2462 filius
2032 2388 2108 2461 S.
2140 2389 2448 2462 Davidis
2475 2391 2898 2464 coenobium
2931 2414 2974 2463 a
2999 2401 3208 2485 patre
3237 2401 3554 2466 erectum
3589 2391 3830 2464 fundis

1025 2506 1365 2591 dotasset,
1423 2515 1511 2579 ut
1568 2507 1893 2600 loquitur
1950 2505 2538 2579 Scotichronicon
2595 2507 2720 2579 lib.
2777 2526 2884 2580 vl.
2939 2531 3093 2602 cap.
3149 2527 3430 2582 xxxn.
3531 2508 3830 2602 Scripsit

1026 2632 1387 2715 superstes
1419 2622 1836 2707 Waltbeno,
1870 2645 1961 2694 ex
1995 2621 2246 2694 Indice
2279 2620 2545 2707 Maiae,

1322 2737 1574 2811 Vitam
1606 2737 1855 2810 Sancti
1886 2737 2305 2812 Adamnani
2914 2740 3040 2812 lib.
3077 2759 3132 2814 Ι.

1320 2854 1573 2929 Vitam
1604 2853 1851 2928 Sancti
1884 2854 2232 2929 Cumenei
2261 2853 2440 2928 Albi
2597 2871 2602 2876 “
2916 2856 3042 2928 lib.
3080 2873 3136 2926 1.

1318 2971 1569 3046 Vitam
1603 2971 1846 3044 Sancti
1882 2970 2259 3044 Waltheni
2907 2971 3032 3044 lib.
3071 2989 3125 3043 1.
3161 2980 3234 3044 et
3267 2975 3430 3046 alia.

1022 3189 1030 3196 υ
1120 3086 1405 3161 claruit
1436 3111 1625 3162 anno
1661 3105 1983 3161 Mcxnv.

1401 3277 1409 3304 '
1536 3285 2145 3360 GULIELMUS
2197 3285 3026 3360 ELPHINSTONUS.
3131 3293 3300 3361 480.

1029 3437 1535 3510 sumemus
1569 3437 2124 3532 Elphinstonus,
2158 3421 2586 3510 nobilissimi
2623 3439 2910 3512 baronis
2943 3438 3191 3523 frater,
3237 3449 3618 3534 postquam
3645 3442 3828 3512 serio

1022 3557 1275 3648 pietati
1332 3565 1405 3627 et
1462 3555 1806 3627 honestae
1876 3555 2296 3626 literaturae
2356 3555 2434 3625 in
2495 3555 2734 3647 patria
2793 3555 3258 3640 incubuisset,
3321 3555 3654 3641 Romam,
3707 3582 3824 3631 an-

1024 3674 1185 3768 gelo
1234 3673 1422 3744 bono
1470 3673 1797 3756 ducente,
1847 3671 2269 3755 contendit;
2331 3671 2460 3742 ubi
2511 3691 2674 3742 cum
2725 3671 3040 3763 optimae
3091 3671 3354 3744 indolis
3403 3683 3826 3766 argumenta

1024 3788 1489 3872 exhibuisset,
1571 3788 1855 3859 ardenti
1920 3789 2077 3859 zelo
2142 3788 2224 3858 in
2293 3785 2726 3860 Societatem
2789 3785 2839 3856 J
2841 3808 2970 3858 esu
3033 3787 3322 3859 admitti
3391 3791 3822 3880 peroptavit,

1025 3914 1098 3976 et
1168 3905 1593 3995 superiores,
1654 3904 1828 3996 quia
1886 3925 2053 3975 eum
2112 3926 2161 3975 a
2225 3902 2386 3975 Deo
2450 3904 2620 3975 duci
2687 3902 3222 3996 percipiebant,
3269 3901 3596 3975 lubentes
3660 3926 3822 3975 eum

1023 4024 1115 4094 ad
1192 4021 1629 4092 novitiatum
1696 4019 2080 4114 Neapolim
2146 4020 2624 4102 destinarunt,
2693 4041 2823 4091 nec
2887 4022 3052 4113 plus
3117 4041 3336 4114 quam
3411 4028 3560 4092 tres
3627 4041 3821 4092 men-

1022 4161 1134 4210 ses
1172 4139 1247 4208 in
1282 4146 1530 4209 saneto
1576 4137 1831 4210 habitu
1879 4137 2186 4220 fixerat,
2239 4157 2404 4207 cum
2453 4135 2652 4206 febre
2701 4137 2984 4208 ardenti
3031 4145 3426 4229 correptus,
3473 4137 3822 4208 mundum

1022 4253 1365 4326 deseruit.
1496 4252 1716 4325 Pium
1774 4255 1931 4349 eJus
1990 4252 2294 4336 obitum,
2357 4250 2848 4324 Christianam
2905 4252 3172 4325 diutini
3219 4253 3454 4325 morbi
3518 4255 3820 4324 toleran-

1024 4373 1227 4453 tiam,
1294 4371 1649 4463 colloquia
1714 4392 1878 4441 cum
1946 4370 2204 4463 angelo
2283 4368 2600 4452 custode,
2667 4377 2742 4440 et
2809 4367 3140 4440 futurum
3204 4371 3486 4440 animae
3551 4377 3819 4440 statum

1024 4489 1115 4560 ab
1173 4509 1257 4558 eo
1312 4487 1703 4582 cognitum,
1774 4494 1848 4556 et
1906 4483 2314 4556 astantibus
2373 4484 2700 4576 patribus
2757 4487 3178 4566 revelatum,
3239 4482 3514 4556 frustra
3571 4484 3712 4554 sim
3759 4485 3819 4555 si

1023 4604 1419 4675 describere
1478 4613 1773 4684 tentem,
1833 4600 2122 4694 quando
2188 4600 2268 4670 id
2339 4599 2834 4694 Hieronymus
2909 4601 3180 4683 Platus,
3245 4599 3567 4694 ejusdem
3635 4599 3819 4669 ordi-

1030 4721 1144 4792 nis
1178 4719 1582 4816 religiosus,
1632 4717 2103 4790 disertissime
2146 4717 2278 4790 lib.
2333 4737 2388 4789 1.
2439 4713 2528 4788 de
2577 4716 2794 4790 Statu
2845 4739 2998 4809 cap.
3035 4731 3280 4786 xxxl.
3325 4714 3402 4786 id
3445 4723 3818 4795 exsecutus

1020 4837 1285 4910 fuerit:
1362 4834 1695 4907 meminit
1752 4835 2003 4908 itidem
2058 4834 2472 4929 symmistes
2539 4832 2912 4907 Antonius
2983 4829 3458 4904 Dauroultius
3517 4851 3670 4923 cap.
3741 4847 3819 4900 11.
