4384 5817
1016 583 1151 647 810
1808 575 2278 650 HISTORIA
2323 575 3077 650 ECCLESIASTICA

1020 781 1358 867 poterant
1413 771 1679 865 spiritu
1734 773 1827 844 ad
1884 771 2222 866 marty-rii
2270 789 2608 846 coronam
2657 770 3160 846 accendebant.
3273 769 3550 845 Verum
3599 771 3832 846 G’runi-

1022 889 1279 962 baldus
1310 897 1587 982 captus,
1620 897 1920 962 cruento
1952 897 2316 962 ‘mactatur
2344 889 2652 984 gladio.”
2751 887 3018 962 Totam
3051 887 3311 962 deinde
3341 891 3602 962 seriem
3647 912 3832 962 mar·

1026 1005 1202 1100 tyrii
1236 1003 1311 1077 S.
1348 1004 1543 1076 Guni
1552 1003 1759 1077 fortis
1794 1003 2199 1101 subjungit,
2231 1013 2320 1077 ut
2351 1005 2848 1078 Mediolanum
2881 1005 3182 1090 venerit,
3225 1013 3314 1079 ut
3347 1003 3636 1102 sagittis
3669 1027 3838 1080 con-

1024 1125 1213 1197 fixus
1244 1122 1490 1207 fuerit,
1522 1133 1611 1196 ut
1654 1122 1998 1196 Ticinum
2042 1123 2294 1196 divino
2340 1125 2624 1196 monitu
2667 1123 3060 1210 devenerit,
3105 1131 3194 1198 ut
3237 1125 3318 1196 in
3359 1125 3832 1218 paupertinae

1024 1263 1209 1314 anus
1240 1240 1541 1336 tugurio
1573 1239 2067 1327 obdormierit,
2098 1249 2187 1314 ut
2217 1263 2462 1314 sacrae
2485 1239 2590 1314 ibi
2614 1239 2962 1334 reliquiae
2987 1250 3474 1314 asserventur.
3545 1239 3834 1335 Scripta
3899 1319 3910 1328 ,

1024 1356 1459 1428 interierunt
1492 1356 1761 1441 omnia,
1798 1355 2049 1450 siquae
2078 1357 2399 1451 reliquit.

1117 1471 1389 1544 Passus
1420 1479 1533 1544 est
1562 1472 1997 1566 martyrium
2030 1495 2224 1549 anno
2257 1489 2676 1546 ccccxvu.
2709 1481 2796 1546 ut
2827 1473 3108 1568 opinor.

1890 1705 1983 1778 Β.
2036 1703 2689 1781 GANFREDUS.
2789 1708 2964 1786 5⁸7⁷.

1024 1939 1115 2012 Β.
1185 1938 1705 2014 GANFREDUS
1784 1938 2041 2012 Scotus
2126 1941 2606 2013 monasticum
2689 1937 3186 2014 cisterciensis
3269 1940 3546 2014 ordinis
3629 1941 3826 2016 babi-

1024 2045 1203 2132 tum⁴
1250 2053 1719 2128 Altissiodori
1800 2055 2067 2141 induit,
2132 2057 2442 2153 diligens
2511 2056 2714 2129 Petri
2779 2054 3132 2129 Abelardi
3199 2057 3510 2142 auditor,
3583 2067 3673 2130 ut
3737 2079 3828 2131 ex

1022 2173 1331 2267 epistola
1376 2155 1605 2264 ipsius
1654 2171 1897 2257 didici,
1950 2195 2137 2266 quae
2186 2173 2268 2244 in
2316 2171 2798 2246 Paracletensi
2857 2173 2934 2242 in
2993 2171 3428 2246 Tricassinis
3487 2173 3826 2247 coenobio

1023 2291 1183 2362 MS.
1220 2296 1657 2362 asservatur.
1760 2286 1903 2360 Sed
1934 2289 2286 2384 magistro
2319 2309 2451 2361 suo
2483 2289 2921 2385 genitalibus
2955 2289 3216 2362 misere
3245 2288 3716 2374 detruncatis,
3751 2303 3825 2363 et

1022 2405 1351 2479 doctrina
1378 2403 1609 2497 ipsius
1642 2425 1689 2476 a
1718 2404 2081 2498 plerisque
2114 2404 2478 2492 damnata,
2514 2406 2608 2477 ad
2642 2403 2738 2476 D.
2773 2403 3234 2478 Bel-nardum
3281 2405 3633 2503 confugit,
3682 2407 3818 2480 sub

1022 2524 1231 2619 cujus
1288 2519 1746 2594 sanctissima
1802 2522 2055 2616 regula
2102 2529 2252 2594 non
2299 2521 2756 2594 mediocriter
2803 2531 2876 2594 et
2924 2523 3222 2615 'pietatis
3273 2532 3350 2595 et
3395 2523 3824 2596 eruditionis

1020 2641 1289 2712 famam
1352 2638 1581 2711 auxit·
1709 2635 1973 2710 Eidem
2034 2645 2286 2710 sancto
2341 2637 2435 2710 ab
2499 2637 2848 2732 epistolis,
2918 2637 3074 2711 sive
3137 2639 3494 2712 notarius.
3630 2637 3822 2735 Ejus

1019 2763 1235 2828 sunt:

1320 2871 1689 2946 Praefatio
1720 2873 1801 2946 in
1832 2873 1957 2949 lib.
1994 2891 2121 2946 111.
2172 2874 2264 2945 de
2303 2872 2482 2947 Vita
2523 2874 2602 2946 S.
2637 2873 3018 2959 Bernardi,
3069 2874 3266 2967 apud
3313 2873 3610 2946 Surium
3649 2881 3820 2946 tom.

1420 3005 1530 3061 ιν.
1565 3012 1729 3087 pag.
1762 3007 2013 3064 chn.
2745 2989 2872 3062 lib.
2911 3006 2966 3061 1.

1318 3105 1593 3180 Contra
1624 3106 1929 3178 Petrum
1964 3105 2413 3179 Abelardum
2741 3106 2868 3180 lib.
2907 3124 2960 3178 1.
3063 3104 3340 3180 Contra
3367 3108 3564 3180 hunc
3595 3107 3814 3180 etiam

1348 3227 1363 3240 ‘
1420 3222 1517 3296 D.
1568 3221 1987 3307 Anselmus,
2032 3221 2579 3295 cantuariensis
2617 3221 3218 3315 archiepiscopus,
3269 3223 3648 3314 epistolam
3677 3224 3822 3294 edi·

1418 3337 1557 3422 dit,
1594 3347 1669 3412 et
1700 3339 2041 3412 volumen
2072 3339 2364 3432 scripsit
2395 3338 2489 3410 ad
2529 3335 3036 3410 Innocentium
3070 3335 3174 3408 11.
3221 3336 3317 3409 D.
3353 3335 3820 3410 Bernardus:

1420 3477 1695 3528 errores
1754 3455 2079 3552 singulos
2136 3455 2216 3528 in
2275 3453 2524 3528 tabula
2577 3457 2876 3528 collocat
2932 3453 3198 3526 Petrus
3255 3455 3348 3527 de
3405 3454 3817 3551 Pargam03

1420 3572 1713 3644 tandem
1746 3571 2091 3644 damnata
2132 3571 2290 3666 ejus
2332 3569 2649 3644 haeresis
2693 3592 2886 3643 anno
2935 3586 3364 3646 nemus.
3413 3579 3490 3643 et
3535 3573 3822 3668 impug-

1414 3696 1547 3761 nat
1581 3686 1867 3780 ‘ubique
1923 3686 2020 3760 D.
2080 3687 2404 3760 Thomas
2461 3683 2822 3780 Aquinas,
2877 3685 3276 3760 Sebastian.
3354 3685 3674 3758 Medices
3743 3687 3820 3757 in

1420 3801 1723 3876 Summa
1772 3803 2179 3878 Haeresum
2229 3825 2395 3901 pag.
2443 3819 2842 3875 nnxxxn.
2948 3802 3172 3876 Hunc
3227 3812 3472 3874 tamen
3517 3801 3819 3874 Abdar-

1418 3920 1621 4002 dum,
1654 3919 1993 3994 omnibus
2025 3919 2364 4014 operibus
2395 3939 2632 4011 nuper
2663 3917 3004 3992 Lutetiae
3051 3917 3462 4012 publicatis,
3509 3917 3606 3988 ab
3653 3917 3820 3992 hae·

1414 4039 1595 4110 resis
1662 4037 2067 4129 suspicione
2146 4034 2466 4108 vindicat
2540 4034 2804 4106 Petrus
2875 4032 3336 4120 Ambrosius,
3405 4031 3816 4106 libellorum

1420 4153 1831 4246 supplicum
1866 4151 2265 4248 magiste13
2319 4150 2586 4224 viderit
2612 4171 2762 4245 qua
2791 4149 2954 4224 fide.

1317 4265 1409 4340 In
1440 4265 1935 4362 Apocalypsin
1962 4263 2015 4338 J
2014 4268 2272 4340 oannis
2899 4266 3026 4340 lib.
3063 4283 3118 4338 1.

1314 4379 1815 4476 Epistolarum
1844 4383 1939 4456 ad
1971 4383 2296 4456 diversos
2891 4383 3018 4457 lib.
3055 4401 3110 4454 Ι.
3203 4403 3516 4475 quarum
3600 4405 3816 4477 quae-

1418 4497 1611 4583 dam,
1644 4515 1734 4572 ut
1764 4499 1942 4585 dixi,
1981 4496 2194 4572 MSS.
2227 4499 2333 4572 ibi
2363 4511 2638 4585 extant,
2687 4511 2762 4573 et
2807 4500 3002 4593 apud
3047 4497 3362 4572 Paulum
3409 4498 3816 4580 Petavium,

1414 4623 1490 4688 et
1521 4614 1772 4687 laudat
1802 4613 2175 4692 Amoldus
2210 4613 2456 4688 Uvion
2487 4617 2609 4688 lib.
2645 4634 2698 4688 1.
2735 4615 2900 4712 Lig.
2934 4613 3152 4690 Vitae
3185 4635 3352 4711 pag.
3391 4629 3690 4687 Lxxlx.

1116 4733 1404 4808 Floruit
1436 4753 1627 4808 anno
1664 4747 1923 4806 mch.
