4384 5817
982 562 1113 633 292
1748 554 2224 627 HISTORIA
2265 552 3024 627 ECCLESIASTICA

1290 750 1667 845 Epistulae
1698 750 1791 822 ad
1826 746 2079 823 Scotos
2110 748 2472 841 dispersos
2883 746 3012 821 lib.
3047 764 3104 819 1.

1089 867 1511 941 Exularunt
1538 862 1738 939 Scoti
1768 866 2005 939 edicto
2038 864 2374 949 Maximi,
2407 864 2848 939 instantibus
2879 863 3134 950 Pictis,
3167 888 3214 937 a
3241 888 3470 963 regno
3499 875 3790 947 condito

990 1008 1182 1057 anno
1236 1002 1483 1057 nccx.
1530 1004 1723 1055 anno
1770 982 2027 1055 salutis
2058 998 2516 1053 cchxxnt.
2565 982 2966 1075 imperante
3011 978 3332 1067 Juliano,
3379 988 3672 1063 sedente
3715 993 3792 1063 in

992 1100 1195 1173 Petri
1230 1100 1572 1173 cathedra
1602 1098 1967 1185 Damaso3
2018 1097 2455 1193 duravitque
2501 1098 2802 1171 exilium
2845 1106 3004 1171 toto
3045 1118 3230 1191 pene
3261 1108 3586 1195 tempore
3614 1105 3792 1179 Siti.

990 1218 1107 1299 cii,
1156 1216 1533 1293 Anastasii
1567 1215 1629 1289 Ι.
1664 1228 1741 1289 et
1772 1214 2179 1289 Innocentii
2213 1214 2274 1287 Ι.
2325 1213 2836 1312 Augustorum
2865 1234 3040 1288 vero
3087 1212 3488 1303 Joviniani,
3535 1219 3794 1295 valen.

990 1336 1277 1423 tiniani,
1330 1334 1725 1407 Theodosii
1774 1331 1838 1405 I.
1938 1332 2294 1407 Restituti
2327 1354 2502 1405 vero
2533 1332 2776 1415 iidem,
2826 1329 3184 1428 Fergusio
3225 1333 3554 1421 ducente,
3601 1362 3794 1411 anno

992 1454 1122 1525 sal.
1160 1468 1487 1527 cnxxx.
1536 1450 1951 1525 sedentibus
1982 1448 2264 1523 Romae
2295 1448 2719 1521 Innocentio
2749 1446 2812 1519 Ι.
2861 1445 3098 1533 Scoto,
3131 1448 3444 1537 Sozimo,
3493 1452 3796 1528 Bonifa-

990 1574 1103 1643 cio
1136 1568 1199 1641 Ι.
1232 1568 1639 1643 coelestino
1670 1566 1733 1641 1.
1768 1566 1978 1641 Sixto
2010 1564 2157 1641 ΙΙΙ.
2188 1565 2434 1639 Leone
2467 1564 2530 1637 Ι.
2631 1562 2832 1637 Tum
2879 1563 3440 1643 Pharamnndus
3485 1592 3794 1669 regnum

990 1686 1443 1759 Francorum
1468 1682 1832 1769 fimdavit,
1864 1683 2171 1779 trajecto
2203 1682 2488 1755 Rheno.
2590 1680 2992 1778 Fergusius
3041 1684 3381 1782 regnavit
3425 1688 3638 1761 annis
3673 1706 3792 1761 1x.

988 1824 1215 1901 regno
1244 1800 1583 1899 Eugenio
1614 1800 1719 1875 11.
1752 1800 1903 1873 filio
1935 1801 2210 1874 relicto.
2311 1798 2638 1873 Annales
2669 1798 2960 1873 Scotiei.

1938 2032 2570 2111 FERGUSTUS.
2671 2037 2842 2107 533.

986 2272 1499 2355 FEnGusTUS,
1532 2270 1689 2343 sive
1720 2268 2149 2367 Pergustus,
2183 2268 2422 2341 socius
2453 2266 2729 2341 Sedulii
2755 2267 3102 2363 junioris,
3135 2266 3226 2339 de
3255 2290 3406 2363 quo
3435 2269 3606 2343 vide
3657 2272 3794 2345 hoc

986 2411 1201 2483 opere
1230 2386 1449 2461 infra.
1550 2386 1859 2460 Constat
1888 2386 2306 2480 episcopum
2339 2384 2711 2458 Pictorum
2743 2384 2992 2468 fiiisse,
3041 2384 3170 2455 sed
3211 2387 3422 2482 cujus
3471 2388 3612 2459 loci
3665 2400 3794 2461 aut

986 2506 1345 2589 ecclesiae,
1392 2504 1593 2577 haud
1624 2502 1831 2575 facile
1862 2503 2367 2575 divinaverim.
2470 2500 2820 2575 Interfuit
2849 2522 3022 2573 sane
3055 2502 3441 2596 episcopali
3471 2507 3792 2578 auctori-

984 2632 1137 2696 tate
1170 2621 1471 2695 concilio
1504 2620 1781 2693 Romae
1830 2619 2187 2693 celebrato
2231 2642 2424 2693 anno
2459 2635 2802 2690 DecXIV.
2847 2618 2988 2691 sub
3031 2616 3384 2715 Gregorio
3415 2618 3519 2692 11.
3571 2630 3652 2691 ut
3703 2643 3796 2693 ex

982 2738 1163 2813 actis
1212 2737 1493 2811 concilii
1544 2745 1767 2829 patet,
1816 2738 1935 2809 cui
1984 2737 2107 2808 ille
2154 2758 2322 2809 cum
2371 2736 2624 2807 multis
2673 2736 2836 2807 aliis
2885 2734 3296 2808 subscribit.
3399 2732 3615 2811 Tom.
3664 2754 3786 2809 111.

988 2854 1368 2927 concilior.
1398 2876 1567 2951 pag.
1604 2870 1893 2927 cvaL
1994 2850 2183 2947 Ejus
2217 2862 2330 2923 est

1284 2968 1375 3041 In
1408 2970 1895 3069 Evangelium
1928 2966 2025 3039 D.
2062 2966 2421 3039 Matthaei
2455 2966 3033 3044 Commentarius
3064 2969 3522 3041 doctissimus
3568 2970 3695 3042 lib.
3733 2988 3784 3041 1.

1378 3108 1594 3180 quem
1621 3086 1781 3157 MS.
1816 3083 2123 3156 Parisiis
2146 3092 2392 3155 servat
2423 3084 2540 3153 vir
2571 3082 2960 3179 religiosus
2991 3082 3044 3155 J
3043 3084 3304 3157 acobus
3337 3083 3784 3169 Sirmondus,

1376 3200 1755 3276 Societatis
1786 3199 1839 3272 J
1838 3223 1967 3273 esu
1998 3199 2396 3293 presbyter,
2431 3199 2619 3272 bono
2651 3199 2760 3271 rei
2791 3199 3151 3273 litei-ariae
3183 3210 3424 3273 natus.

1080 3320 1365 3393 Claruit
1395 3320 1533 3393 sub
1565 3319 1912 3391 Mordaco
1942 3339 2135 3413 rege,
2166 3338 2359 3389 anno
2391 3317 2648 3389 salutis
2679 3316 3040 3389 humanae
3071 3334 3488 3391 Dccxxm.

1902 3516 1977 3589 S.
2030 3513 2614 3590 FERRANUS.
2717 3520 2887 3589 534.

982 3672 1056 3745 S.
1110 3670 1592 3756 FERBANUS,
1642 3678 2118 3767 cognomento
2176 3666 2518 3757 Culdeus,
2578 3671 2716 3743 hoc
2765 3679 2898 3755 est,
2947 3668 3088 3743 Dei
3123 3670 3400 3758 Cultor,
3459 3673 3564 3746 sic
3597 3678 3790 3749 enim

980 3798 1389 3862 nostratum
1422 3790 1661 3882 prisca
1693 3790 1946 3885 lingua
1991 3786 2394 3859 sacerdotes
2437 3789 2798 3881 appellati,
2848 3788 2978 3881 qui
3026 3788 3456 3863 claritudine
3503 3814 3788 3865 summa

980 3906 1279 4002 ingenii,
1338 3912 1414 3977 et
1472 3906 1789 3977 maxima
1845 3905 2114 3998 pietate
2170 3903 2666 3989 emicuerunt3
2734 3926 2918 3997 quos
2974 3915 3296 3979 recenset
3356 3904 3458 3979 H.
3519 3907 3780 3982 Boeth.

980 4022 1107 4094 lib.
1162 4038 1275 4093 vl.
1337 4020 1539 4093 Hist.
1591 4020 1783 4093 Scot.
1843 4043 2010 4116 pag.
2073 4037 2309 4093 xcnt..
2381 4016 2928 4113 Amphibalum,
2990 4019 3346 4109 Priscum,
3405 4022 3782 4111 Calenum,

982 4136 1415 4221 Feri-anum,
1446 4134 1917 4229 Ambianum,
1952 4144 2027 4209 et
2058 4136 2490 4209 Carnocum.
2595 4136 2742 4211 Hic
2771 4138 3002 4211 edidit

1276 4235 1655 4309 Sermones
1690 4239 1847 4331 pios
2767 4236 2896 4309 lib.
2933 4256 2986 4309 ι.

1078 4352 1369 4447 Floruit
1396 4375 1589 4427 anno
1620 4371 2024 4427 nchvm.
2119 4352 2172 4425 J
2172 4375 2440 4427 oannes
2472 4352 2816 4429 Leslaeus
2847 4356 2976 4431 lib.
3011 4374 3138 4431 ιιι.
3171 4378 3342 4455 pag.
3377 4374 3646 4431 cxxn.

1746 4550 2207 4627 FLACCUS
2254 4552 2734 4629 ALBINUS.
2835 4559 3007 4629 535.

978 4706 1361 4780 Ειᾼοουε
1412 4700 1751 4791 Albinus,
1804 4704 1960 4777 sive
2006 4702 2391 4790 Alcuinus,
2443 4706 2686 4781 Caroli
2719 4706 3000 4805 Magni,
3052 4718 3140 4782 ut
3188 4730 3412 4805 supra
3457 4711 3782 4803 exposui,

976 4832 1417 4919 praeceptor,
1474 4830 1553 4897 et
1606 4822 2009 4899 academiae
2058 4822 2490 4899 Parisiensis
2540 4823 2908 4915 fundator,
2957 4834 3248 4923 praeter
3293 4848 3380 4901 ea
3427 4848 3614 4922 quae
3663 4847 3782 4899 su·

4051 5744 4312 5766 ----,-ι-
