4384 5817
1331 491 1691 561 GEN'rts
1738 488 2298 572 scoTORUM,
2345 491 2548 562 Lm..
2573 492 2665 558 11.
2837 561 2840 571 ,
3267 445 3394 556 1'25

590 684 962 768 memoria,
1014 705 1097 756 ac
1154 685 1565 775 eloquentia
1612 687 1929 767 s'umma,
1966 705 2011 752 a
2060 681 2522 755 Tolosatibus
2543 701 2550 710 ·
2572 691 2969 767 revocatuS,
3006 683 3134 777 jus
3183 684 3391 754 civile

590 801 1130 892 interpretatus,
1166 821 1430 895 magno
1463 799 1951 870 studiosorum
1984 819 2332 869 concursu
2367 799 2889 891 frequentatur.
2951 799 3142 894 EJus
3176 809 3390 870 sunt:

893 915 984 985 In
1017 913 1362 1010 Logicam
1397 914 1817 1017 Aristotelis
2580 914 2706 985 lib.
2746 933 2801 987 1.

891 1028 983 1101 In
1016 1030 1403 1124 Physicam
1437 1029 1853 1101 Aristotelis
2577 1033 2702 1104 lib.
2742 1049 2794 1102 1.

888 1145 980 1218 In
1012 1147 1363 1239 quosdam
1400 1145 1930 1219 pandectarum
1966 1148 2218 1221 titulos
2507 1205 2516 1214 .
2573 1149 2699 1220 lib.
2738 1166 2792 1219 1.

688 1259 901 1334 Vivit
922 1261 1167 1334 adhuc
1184 1261 1511 1344 Tolosae,
1532 1271 1607 1333 et
1630 1264 1941 1354 patriam
1962 1287 2171 1335 suam
2190 1287 2338 1338 non
2363 1267 2764 1361 vulgariter
2785 1272 3016 1336 ornat.
3067 1273 3111 1307 ‘⁶
3123 1263 3388 1336 Rector

590 1379 991 1450 academiae
1026 1377 1449 1460 Tolosanae,
1492 1377 1853 1470 professor
1884 1379 2149 1474 regius,
2201 1381 2318 1452 vir
2365 1381 2958 1463 eruditissimus,”
2999 1390 3299 1452 vocatur
3347 1403 3388 1450 a
3461 1445 3474 1456 .

590 1493 923 1566 Gabriele
956 1492 1513 1566 Bai-tholomaeo
1543 1493 1669 1564 lib.
1706 1511 1816 1563 Ἡ.
1858 1493 2272 1570 Prostratae
2307 1497 2771 1581 RebellioniS,
2793 1519 2976 1590 cap..
3001 1516 3054 1567 1.

1363 1723 1816 1797 JACOBUS
1864 1723 2348 1800 BETONUS
2367 1753 2400 1800 .’
2447 1733 2616 1806 217.

589 1957 637 2024 J
638 1973 955 2032 Aconus
992 1956 1339 2040 BetonuS,
1377 1954 1835 2028 Glascueusis
1878 1956 2475 2053 archiepiscopus,
2523 1959 2828 2032 Davidis
2872 1961 3253 2033 cardinal-is
3299 1983 3390 2032 ex

504 2125 517 2134 .
590 2073 815 2144 fratre
857 2095 1101 2165 nepos,
1144 2073 1369 2144 nobili
1413 2070 1691 2142 familia
1722 2072 1811 2142 de
1844 2071 2171 2157 Balfour,
2221 2097 2314 2146 ex
2359 2098 2507 2168 qua
2556 2076 2776 2148 etiam
2825 2077 2969 2170 maj
2979 2097 3135 2148 ores
3161 2077 3388 2148 ducis

590 2189 853 2272 Suillii,
888 2210 1191 2284 magnae
1224 2188 1415 2280 apud
1452 2185 1853 2258 Henricum
1890 2185 2002 2259 IV
2003 2233 2023 2255 .
2074 2188 2715 2282 dignationisviri,
2750 2189 2846 2259 in·
2880 2187 3152 2260 Gallias
3188 2190 3384 2260 veni-

589 2312 788 2376 entes
824 2305 1017 2396 apud
1050 2302 1127 2373 N
1128 2305 1433 2374 eustrios
1479 2303 1719 2372 sedem
1752 2301 2077 2375 fixerant.
2130 2302 2456 2376 Betonus
2491 2314 2759 2389 noster,
2811 2305 3182 2400 religionis
3217 2327 3389 2400 ergo

586 2421 825 2512 patria
855 2417 1230 2513 profugus,
1267 2416 1545 2490 Romae
1578 2427 2031 2490 consecratus
2082 2427 2204 2490 est·
2241 2418 2814 2512 archiepiscopus
2865 2441 3054 2492 anno
3106 2438 3384 2492 MDLH.

590 2534 963 2606 Gallorum
1030 2542 1279 2626 postea
1343 2556 1599 2630 regum
1676 2527 2105 2606 liberalitate
2169 2533 2412 2626 opima
2480 2535 2877 2606 sacerdotia
2940 2545 3384 2618 consecutus,

592 2651 809 2722 abbas
844 2649 932 2721 B.
968 2648 1299 2745 Virginis
1334 2643 1641 2720 Labsiae
1674 2649 1753 2719 in
1794 2648 2238 2732 Pictonibus,
2294 2659 2634 2741 quaestor
2680 2647 2756 2720 S.
2809 2649 3077 2722 Hilarii
3129 2651 3386 2748 Magni

588 2766 969 2862 Augustae
1002 2765 1411 2848 Pictonum,
1444 2765 1645 2857 prior
1676 2764 1921 2836 Sancti
1959 2763 2159 2835 Petri
2196 2763 2596 2848 Pontesiae,
2649 2773 2696 2808 “
2729 2767 2884 2837 vita
2915 2764 3267 2838 honorata
3313 2777 3388 2838 et

587 2893 881 2953 actuosa
932 2881 1126 2953 domi
1179 2879 1521 2973 forisque,
1584 2890 1827 2952 orator
1884 2879 1964 2950 in
2024 2878 2263 2950 Gallia
2311 2882 2520 2952 annis
2571 2896 2780 2951 xL11.
2833 2879 3022 2952 bona
3071 2883 3384 2952 moriens

588 3001 666 3070 in
716 3019 995 3070 annuos
1048 3018 1449 3090 pauperum
1503 2996 2091 3068 scholasticorum
2142 2993 2521 3067 Scotorum
2572 3018 2748 3067 usus
2801 2997 3164 3091 eroganda
3221 2997 3385 3068 reli-

586 3114 847 3208 quit-''.
914 3111 1055 3182 Sed
1088 3113 1531 3205 epitaphium
1578 3133 1935 3204 apponam
1984 3111 2080 3180 ad
2126 3109 2219 3181 D.
2273 3109 2324 3180 J
2324 3112 2576 3182 oannis
2629 3110 3132 3182 Lateranensis
3177 3111 3383 3184 Pari-

588 3231 737 3312 siis,
762 3230 890 3301 ubi
916 3229 1141 3310 obiit3
1178 3236 1287 3300 est
1308 3228 1501 3298 enim
1521 3229 1821 3310 cultum,
1842 3233 1917 3296 et
1942 3227 2246 3322 dignum
2267 3248 2414 3297 non
2447 3226 2550 3298 ibi
2583 3237 2894 3309 tantum,
2928 3227 3053 3296 sed
3088 3225 3380 3318 ubique,

586 3347 753 3442 legi.

1192 3548 1433 3610 Praesul
1458 3561 1521 3610 et
1544 3559 1735 3609 orator
1760 3549 1957 3610 fuerat
1983 3547 2087 3628 qui
2112 3548 2404 3608 maximus
2429 3549 2582 3609 orbis

1112 3633 1119 3640 ’
1267 3645 1485 3705 Aetate
1510 3643 1639 3713 hac,
1665 3663 1843 3723 parvo
1867 3662 2148 3703 marmore
2174 3643 2520 3721 contegitur.

1188 3737 1632 3817 Quinquaginta
1656 3756 1840 3797 unum
1867 3737 2098 3818 praesul
2122 3747 2482 3814 transegerat
2507 3757 2704 3807 annos,

1266 3831 1674 3911 Quadraginta
1699 3832 1843 3892 duos
1868 3832 2027 3911 regia
2043 3831 2209 3909 jussa
2235 3829 2434 3902 subit3

1188 3926 1305 3987 Sed
1331 3927 1481 3986 vidit
1506 3946 1671 4006 reges
1697 3926 1999 3988 Gallorum
2022 3926 2283 4006 quinque
2308 3935 2542 3986 secutus

1268 4021 1501 4092 Orator,
1528 4021 1751 4101 patriae
1776 4021 1997 4100 profuit
2022 4039 2208 4098 usque
2235 4039 2391 4106 suae.

1186 4115 1297 4179 Est
1322 4127 1459 4176 voto
1486 4116 1735 4187 fruetus,
1764 4115 1962 4176 Scotos
1988 4113 2326 4194 Anglosque
2351 4115 2460 4174 sub
2487 4135 2602 4174 uno

1266 4209 1461 4270 Unius
1489 4209 1647 4270 Scoti
1676 4209 1901 4272 viderat
1926 4209 2167 4290 imperio
2192 4231 2208 4268 ε
2672 4283 2684 4298 .

1187 4303 1353 4364 Illud
1376 4303 1651 4374 restabat,
1678 4303 1866 4368 voluit
1890 4303 2045 4382 quod
2070 4314 2348 4382 utrosque
2372 4304 2482 4364 sub
2507 4323 2691 4364 unum

1268 4397 1523 4459 Divinae
1538 4399 1695 4478 legis
1721 4397 1945 4458 mittier
1968 4398 2300 4479 imperium,

1168 4491 1477 4572 ‚Quodque
1502 4513 1675 4554 suum
1700 4491 1887 4574 cupiit
1912 4513 2105 4572 regem
2133 4494 2480 4570 venerarier,
2511 4505 2572 4554 et
2603 4511 2753 4554 mors

1174 4667 1185 4678 ,
1262 4587 1481 4648 Fertur
1506 4590 1570 4647 in
1596 4587 1703 4648 hoc
1730 4607 1846 4648 uno
1870 4587 2277 4668 praecipitasse
2303 4606 2522 4648 senem.
