4384 5817
1027 548 1156 610 112
1795 547 2261 618 HISTORIA
2310 547 3057 620 ECCLESIASTICA

1029 739 1104 806 di
1137 736 1485 829 scriptum
1519 745 1880 828 superstes
1911 737 2297 822 inveneris,
2342 739 2665 834 ejusdem
2704 738 3121 834 depositarii
3152 737 3333 834 legin
3366 741 3825 815 severitatem

1029 854 1366 938 sentiant,
1401 875 1570 926 nam
1601 855 1680 926 in
1715 877 1800 926 eo
1833 854 2295 952 Pythagorae
2324 855 2757 948 discipulum
2782 865 2857 926 te
2886 875 3041 928 esse
3075 855 3316 939 velim,
3352 868 3439 927 ut
3462 856 3827 928 existimes

1027 970 1220 1060 ipsos
1283 991 1526 1042 manes
1585 971 1890 1044 istorum
1959 971 2395 1045 seditionum
2452 969 2895 1044 flabellorum
2952 967 3457 1066 μετεμψνχόσει
3512 973 3823 1064 quadam

1025 1087 1102 1152 iu
1137 1105 1383 1156 eorum
1417 1107 1717 1178 corpora
1747 1087 2114 1171 transisse,
2149 1087 2279 1180 qui
2310 1107 2561 1160 eorum
2592 1088 2709 1158 vel
2740 1085 2963 1160 libros
2994 1086 3332 1170 retinent,
3382 1090 3495 1158 vel
3530 1089 3826 1180 dogma-

1023 1211 1099 1268 ta
1131 1199 1548 1285 defendunt,
1580 1221 1764 1294 quos
1809 1223 1958 1274 non
2001 1203 2283 1274 minore
2324 1201 2675 1295 supplicio
2720 1201 3129 1294 plectendos
3172 1213 3447 1284 censeo,
3490 1223 3711 1295 quam
3760 1205 3823 1272 si

1021 1315 1162 1406 ipsi
1197 1325 1521 1390 auctores
1543 1319 1703 1412 jam
1737 1339 1783 1390 a
1815 1317 2122 1390 mortuis
2155 1325 2395 1390 essent
2425 1315 2893 1391 resuscitati.”
2994 1315 3393 1410 Hucusque
3436 1316 3591 1410 ipse
3625 1320 3822 1410 prin-

1025 1454 1212 1522 ceps.
1288 1430 1600 1522 ,Iacobus
1635 1454 1808 1506 vero
1841 1431 2249 1516 Gretserus,
2278 1433 2529 1530 gravis
2558 1431 2937 1504 societatis
2967 1431 3019 1501 J
3018 1453 3149 1504 esu
3182 1433 3579 1528 theologus,
3610 1433 3819 1504 Com-

1019 1547 1374 1620 mentario
1405 1545 1798 1644 Exegetico
1831 1569 1998 1644 pag.
2035 1565 2313 1620 xxxn.
2350 1556 2397 1591 “
2429 1546 2746 1640 Optime,
2780 1547 3195 1632 rectissime,
3243 1559 3317 1621 et
3362 1549 3817 1624 meritissime

1015 1664 1510 1736 serenissimus
1541 1685 1671 1736 rex
1703 1665 1806 1735 sic
1837 1665 2135 1738 statuit:
2187 1663 2371 1737 nihil
2402 1663 2594 1736 enim
2630 1660 2745 1733 his
2776 1661 3059 1736 duobus
3092 1664 3171 1734 in
3200 1685 3405 1760 reges
3438 1663 3813 1762 immodes-

1017 1781 1164 1849 tius
1197 1787 1270 1850 et
1303 1779 1816 1871 impudentius,
1847 1779 2034 1852 nihil
2065 1777 2599 1852 calumniosius.
2680 1775 2881 1850 Haec
2908 1778 3199 1876 quidem
3234 1801 3381 1850 non
3414 1780 3809 1874 ingenium,

1017 1895 1140 1964 sed
1173 1915 1584 1984 perversam
1617 1893 1826 1966 fidem
1863 1893 2258 1990 attingunt,
2292 1893 2765 1966 eruditionem
2798 1909 3010 1964 nemo
3043 1877 3470 1988 rituperatss’
3572 1893 3815 1986 Atque

1015 2007 1184 2078 Itali
1239 2008 1528 2101 quidem
1587 2009 2116 2083 illiteratissimi
2173 2008 2527 2080 literionis
2582 2007 3011 2090 criminatio,
3070 2029 3289 2102 quam
3340 2009 3523 2080 falsa
3570 2011 3689 2092 sit,
3740 2021 3837 2080 et.

1013 2143 1127 2192 res
1177 2124 1334 2214 ipsa
1382 2123 1668 2196 abunde
1715 2125 2062 2218 loquitur,
2112 2133 2186 2196 et
2236 2133 2347 2196 tot
2394 2123 2769 2194 doctorum
2816 2143 3067 2196 versus
3106 2123 3407 2196 diluent.
3428 2191 3441 2204 ‚
3460 2123 3813 2219 Georgius

1011 2237 1386 2310 Fabricius
1418 2238 1954 2312 Chemnioensis
1987 2240 2078 2310 de
2110 2237 2226 2311 Re
2260 2237 2595 2314 Poetica:
2651 2246 2697 2304 ‘.‘
2732 2235 3167 2312 Psalterium
3212 2249 3589 2310 verterunt
3636 2241 3812 2312 Ger-

1009 2354 1204 2424 mani
1261 2354 1538 2448 aliquot
1593 2355 1732 2448 pie,
1791 2354 1986 2439 Itali,
2047 2365 2136 2430 ut
2189 2355 2445 2439 solent,
2506 2355 2889 2450 eleganter,
2958 2353 3317 2446 imprimis
3386 2353 3839 2439 Flaminius„

1010 2472 1135 2540 sed
1201 2491 1392 2543 nunc
1459 2471 1784 2544 omnium
1847 2469 2284 2544 industriam
2348 2469 2527 2542 vicit
2589 2467 3101 2554 Buchananus,
3166 2467 3443 2552 Scotus,
3506 2473 3813 2544 varieta-

1008 2596 1084 2656 te
1131 2587 1672 2670 sententiarum,
1723 2596 1797 2658 et
1845 2587 2162 2679 puritate
2210 2584 2623 2660 aemonis!
2722 2581 2797 2654 N
2796 2605 2879 2656 ec
2924 2585 3169 2658 minus
3217 2585 3641 2658 honoratam
3702 2591 3811 2658 in-

1013 2701 1210 2794 genii
1259 2701 1452 2774 illius
1502 2699 1730 2774 fecere
1777 2700 2217 2774 mentionem
2264 2696 2652 2785 Germani3
2706 2699 2783 2770 in
2830 2698 2945 2772 his
2990 2698 3553 2794 christophorus
3602 2703 3811 2774 Man-

1006 2817 1148 2888 lius
1171 2837 1190 2885 ε

1531 3014 1696 3074 Dum
1721 3013 2022 3094 Jephthen
2049 3013 2267 3094 tragico
2293 3011 2682 3074 Buehananus
2706 3023 2959 3094 syrmate
2987 3013 3181 3082 vestit,

1606 3107 1772 3170 Dum
1799 3108 1975 3169 Latia
2003 3107 2237 3170 Isaiden
2262 3117 2503 3189 tangere
2526 3107 2749 3188 plectra
2774 3107 2962 3179 docet,

1539 3201 1702 3264 Dum
1728 3201 1904 3264 castis
1926 3203 2010 3264 sic
2037 3203 2225 3264 tincta
2241 3201 2389 3281 jocis
2410 3201 2825 3284 epigrammata
2848 3201 3022 3273 ludit,

1609 3295 1698 3358 Ut
1723 3307 1950 3358 metuat
1973 3297 2203 3378 palmae
2228 3296 2463 3358 Bilbilis
2486 3297 2615 3378 ipsa
2638 3315 2797 3366 snae,

1531 3391 1738 3453 Cernis
1763 3403 1834 3453 ut
1860 3391 1937 3453 ad
1963 3391 2162 3454 Sootos
2185 3392 2459 3474 migrent,
2488 3389 2775 3454 Helicone
2797 3391 3019 3462 relicto,

1617 3487 1972 3590 Laurigerae
1995 3489 2150 3550 tanti
2175 3489 2331 3548 vatis
2354 3503 2545 3548 amore
2572 3485 2736 3547 Deae
2752 3490 2779 3546 ?

1537 3579 1664 3642 Nec
1689 3582 1822 3642 vivo
1845 3582 1954 3644 boe
1979 3581 2207 3644 reditus
2232 3601 2363 3664 spes
2390 3591 2512 3643 est:
2552 3591 2754 3642 utrum
2778 3599 2915 3662 ergo
2940 3583 3167 3652 vocabo,

1607 3675 1817 3756 Langi,
1850 3675 2279 3748 Heliconisdes‚
2306 3695 2459 3738 anne
2482 3673 2906 3737 Caledonides?

1113 3859 1216 3930 Et
1255 3881 1502 3938 rursus
1537 3859 1628 3930 ad
1661 3857 1777 3930 Jo.
1813 3857 2219 3956 bingium:

1531 4001 1662 4062 Illic
1689 4001 1998 4098 imperium
2022 4002 2146 4064 fore
2163 4003 2457 4081 jactavere
2482 4003 2769 4076 Quirites,

1605 4097 1780 4160 Esset
1805 4097 1908 4158 ubi
1933 4095 2118 4166 sedes,
2149 4096 2345 4178 Scipio
2364 4115 2593 4177 magne,
2620 4107 2741 4160 tna.

1527 4191 1660 4252 Illic
1689 4191 1966 4262 Pierides,
1991 4189 2116 4252 illie
2139 4201 2267 4256 erat
2290 4189 2443 4252 alma
2466 4191 2673 4272 ponis,
2748 4273 2755 4282 .

1618 4286 1752 4347 Illic
1780 4284 2046 4348 Phoebus
2069 4286 2205 4356 erit,
2230 4303 2347 4366 qus
2370 4284 2759 4348 Buehsnanus
2784 4286 2917 4350 erit.

1109 4437 1438 4512 celebrat
1475 4435 1746 4510 Paulus
1779 4432 2119 4507 Melissus
2152 4434 2245 4507 ad
2279 4432 2604 4511 cissam:

1522 4579 1701 4656 Quod
1727 4579 1854 4661 lyra
1877 4577 2042 4640 nulla
2065 4579 2197 4662 polo
2220 4577 2431 4658 fulget,
2455 4597 2633 4659 quam
2656 4579 2915 4642 vindicet
2940 4579 3235 4660 Orpheus,

1598 4675 1772 4736 Hane
1797 4673 2048 4755 spolium
2072 4683 2241 4736 vates
2264 4673 2473 4734 Scotu-
2496 4673 2571 4734 ab
2594 4693 2707 4734 axe
2730 4673 2891 4736 tulit·

1521 4771 1591 4832 Si
1618 4789 1734 4850 qua
1759 4781 1956 4830 tamen
1983 4787 2237 4853 cygnum
2262 4787 2441 4850 prope
2464 4767 2625 4830 lucet
2650 4769 2715 4828 in
2736 4769 2993 4838 aethere,
3021 4770 3203 4838 Cissa,

1602 4863 1858 4926 Davidis
1877 4863 2017 4926 haec
2041 4861 2262 4926 cithara
2288 4873 2399 4933 est,
2424 4881 2540 4924 non
2566 4861 2694 4944 lyra
2722 4861 2996 4922 Threicii.
