4384 5817
1096 532 1187 601 ⁷6
1870 527 2338 602 HISTORIA
2383 527 3140 600 ECCLESIASTICA

2016 833 2093 910 S.
2144 833 2715 912 BERECTUS.
2819 841 2990 910 1³2.

1106 1081 1153 1114 ‘⁶
1184 1067 1261 1142 S.
1294 1067 1765 1154 Bsslzlzc'rus,
1796 1067 2194 1141 monachus
2227 1067 2307 1140 in
2337 1067 2600 1152 Sentis,
2633 1075 2710 1141 et
2739 1065 3128 1152 confessor,
3153 1068 3281 1162 qui
3305 1067 3584 1162 profuit
3605 1081 3682 1142 et
3711 1071 3896 1144 vitae

1102 1185 1595 1258 sanctissimae
1624 1185 1975 1277 exemplo,
2012 1193 2087 1256 et
2116 1183 2710 1276 praedieatione,”
2753 1183 2862 1254 ait
2909 1181 3280 1256 Amoldus
3326 1181 3572 1258 Uvion
3613 1183 3741 1258 lib.
3779 1202 3894 1256 111.

1102 1301 1321 1397 Ligu.
1352 1299 1510 1373 vit.
1544 1320 1712 1396 pag.
1750 1315 1924 1372 mx.
1958 1307 2035 1372 et
2066 1299 2317 1372 eadem
2357 1297 2622 1370 Petrus
2655 1297 3067 1372 Galesinius
3099 1299 3180 1370 in
3211 1321 3346 1372 suo
3377 1298 3895 1395 Martyrologio

1102 1417 1222 1488 die
1255 1431 1495 1488 xxm.
1530 1415 1912 1487 Februarii
1948 1437 2041 1488 ex
2074 1413 2555 1510 Martyrolog.
2591 1411 2808 1486 MSS.
2909 1411 3219 1506 Scripsit

1407 1527 1768 1602 Humilias
1800 1531 1881 1602 in
1912 1551 2189 1604 sacram
2223 1527 2672 1622 Scripturam
2993 1527 3120 1600 lib.
3155 1545 3215 1601 Ι.

1200 1645 1369 1730 Quo
1414 1647 1653 1720 seculo
1700 1643 2049 1730 floruerit,
2092 1665 2262 1718 cum
2305 1643 2416 1718 illi
2463 1665 2616 1718 non
2655 1642 3130 1738 prodiderint,
3173 1643 3506 1718 divinare
3547 1665 3698 1718 non
3751 1667 3900 1738 pos·

1100 1783 1289 1836 sum.

1962 1960 2039 2036 S.
2090 1954 2772 2036 BERTHAMUS.
2875 1960 3044 2032 133.

1100 2112 1178 2182 S.
1236 2107 1773 2184 Bau-rmum
1834 2111 2235 2206 episeopus,
2299 2109 2426 2183 sed
2481 2107 2690 2204 cujus
2747 2106 3079 2180 eeclesiae
3127 2105 3534 2192 incertum3
3611 2115 3899 2200 putatur

1096 2225 1485 2300 orcadum.
1584 2226 1891 2319 Scripsit

1395 2341 1522 2414 Ad
1554 2340 1917 2414 Eoelesias
1948 2339 2270 2414 Senticas
2995 2337 3121 2410 lib.
3158 2356 3215 2409 1.

1394 2455 1489 2530 In
1522 2455 2013 2552 Evangelium
2044 2454 2096 2526 J
2095 2455 2350 2527 oannis
2990 2453 3120 2526 lib.
3153 2469 3210 2524 1.

1399 2569 1593 2642 Acta
1623 2571 2077 2664 quorundam
2108 2569 2537 2642 Sanctorum
2995 2567 3124 2641 lib.
3159 2586 3214 2641 1.

1396 2685 1511 2756 De
1542 2703 1691 2758 vn.
1724 2683 2089 2758 Ecclesiae
2120 2683 2600 2760 Sacramentis
2997 2684 3122 2756 lib.
3159 2700 3212 2755 1.

1398 2801 1811 2874 chronicon
1844 2800 2061 2874 breve
2992 2799 3122 2872 lib.
3159 2817 3212 2870 1.

1202 2917 1491 2991 Floruit
1522 2939 1713 2990 anno
1746 2933 2272 2988 Deccxxxlx.
2359 2917 2666 3001 Colitur,
2697 2915 2968 3007 ubique
2999 2915 3208 3012 regni
3239 2915 3528 3010 templis
3561 2926 3637 2989 et
3667 2918 3810 2991 aris
3839 2920 3900 2989 ei

1104 3033 1380 3120 erectis,
1413 3035 1529 3108 die
1561 3051 1675 3105 vl.
1708 3028 1947 3125 April.
2050 3031 2512 3104 Breviarium
2543 3031 2926 3108 Senticam.

1971 3262 2049 3337 S.
2098 3263 2765 3338 BRANDANUS.
2868 3268 3037 3338 184.

1102 3495 1177 3568 S.
1229 3495 1761 3569 BRANDANUS
1808 3495 2054 3580 abbas,
2106 3497 2294 3569 alius
2344 3497 2436 3568 ab
2483 3497 2846 3570 Orcadum
2899 3499 3245 3592 apostolo,
3303 3508 3380 3572 et
3437 3501 3687 3573 multis
3745 3509 3902 3590 post

1100 3611 1307 3684 illum
1341 3614 1599 3686 seculis
1632 3611 1831 3684 domi
1864 3611 2250 3684 sanctitate
2283 3613 2731 3705 conspicuus,
2765 3613 3058 3706 scripsit

1399 3726 1773 3809 Quaedam
1808 3726 2201 3820 Praecepta
2233 3729 2326 3798 ad
2357 3726 2654 3800 Fratres
2985 3729 3112 3803 lib.
3149 3746 3204 3802 1.

1198 3840 1485 3914 claruit
1513 3863 1705 3912 anno
1742 3858 2047 3914 Mva1.
2082 3843 2239 3937 regi
2273 3841 2658 3916 Malcolmo
2691 3843 2792 3917 ΙΙ.
2827 3867 3060 3917 carus.
3165 3845 3474 3931 Colitur,
3507 3847 3800 3938 templis
3829 3855 3899 3917 et

1098 3957 1245 4028 aris
1278 3955 1533 4028 dicatis
1564 3955 1835 4050 ubique
1866 3957 2099 4052 regni,
2142 3957 2262 4028 die
2295 3973 2470 4029 ΧΠ.
2505 3957 2712 4033 Maii.
2769 3959 3102 4034 Breviar.
3145 3959 3337 4034 Scot-
3385 3959 3579 4034 Acta
3619 3960 3900 4035 interci-

1098 4072 1383 4144 derunt.

2088 4266 2163 4344 S.
2216 4267 2651 4344 BARRUS.
2756 4275 2925 4346 135.

1102 4419 1179 4490 S.
1208 4416 1567 4502 BAmms,
1596 4417 1751 4490 sive
1780 4417 2229 4504 Fimbarrus,
2259 4421 2630 4516 episeopus
2655 4422 3144 4509 Cathenesiae,
3169 4425 3326 4522 reg-i
3351 4423 3738 4498 Malcolmo
3761 4423 3896 4497 111.

1099 4533 1481 4608 sanctitate
1514 4533 1707 4605 vitae
1742 4541 2095 4626 acceptus,
2130 4535 2242 4607 uti
2275 4535 2356 4608 in
2387 4537 2548 4632 ejus
2578 4536 2758 4611 Vita
2785 4537 3163 4635 Tui-gntus
3199 4541 3476 4626 retulit,
3509 4539 3794 4633 scripsit

1394 4647 1769 4742 synodum
1800 4645 2162 4721 Ecclesiae
2195 4671 2368 4724 suae
2987 4654 3115 4727 lib.
3153 4671 3207 4726 1.
3319 4705 3324 4711 -

1395 4759 1763 4858 Epistolas
1795 4765 1889 4840 ad
1922 4765 2159 4840 varios
2988 4769 3113 4842 lib.
3151 4785 3207 4842 1.
