4384 5817
1030 496 1119 559 22
1797 492 2262 563 HISTORIA
2309 492 3056 563 ECCLESIASTICA

1034 687 1211 769 zelo,
1244 693 1582 776 superata
1612 682 1965 755 foeminea
1996 682 2414 779 fragilitate,
2449 684 2826 757 accedente
2851 684 3066 756 etiam
3096 686 3220 777 pia
3243 685 3554 759 fratrum
3577 687 3832 759 exhor-

1032 803 1325 882 tatione,
1376 800 1600 871 oculis
1650 822 1733 871 ac
1784 798 2117 872 manibus
2165 800 2247 869 in
2295 802 2570 871 coelum
2613 800 2936 883 intentis,
2983 800 3360 873 Christum
3393 800 3830 886 confitentes,

1034 914 1531 989 cruentissima
1562 915 1771 985 caede
1804 916 2137 1007 martyrii
2172 917 2486 1007 palmam
2521 915 3088 1007 adipiscuntur?

1130 1028 1575 1120 Martyrium
1606 1048 1857 1118 passas
1889 1036 2063 1099 sunt
2094 1029 2310 1101 citius
2335 1050 2482 1101 uno
2505 1052 2698 1105 anno
2725 1052 2946 1123 quam
2971 1030 3284 1117 fratrea,
3319 1032 3456 1105 hoc
3483 1043 3615 1115 est,
3642 1053 3832 1103 anno

1035 1159 1421 1215 ccccxlx.

2008 1374 2083 1447 S.
2136 1375 2630 1451 ASAPHUS.
2736 1380 2859 1451 21.

1040 1606 1117 1678 S.
1175 1603 1563 1677 Asamus
1618 1604 1693 1677 S.
1756 1605 2185 1703 Kentigerni
2243 1608 2662 1700 discipulus,
2729 1608 2879 1701 qui,
2945 1610 3140 1702 quod
3196 1611 3378 1705 regii
3435 1620 3622 1682 esset
3677 1632 3834 1681 san-

1038 1722 1306 1817 guinis,
1364 1720 1677 1793 factione
1726 1723 2184 1814 popularium
2241 1724 2483 1814 patria
2539 1724 2816 1815 pulsus,
2873 1724 3062 1795 circa
3117 1745 3390 1797 annum
3449 1742 3648 1796 DLX.
3709 1726 3832 1797 ha-

1040 1838 1212 1909 bent
1294 1837 1587 1909 annales
1672 1836 1929 1919 nostri,
2022 1837 2264 1909 sedem
2360 1838 2440 1909 in
2539 1836 2814 1909 WVallia
2909 1839 3378 1931 episcopalem
3475 1839 3834 1923 fundavit,

1038 1974 1224 2046 quac
1256 1960 1504 2044 postea
1533 1948 1983 2043 Asaphcnsis
2012 1950 2212 2023 dicta
2251 1966 2401 2023 est:
2449 1952 2576 2023 scd
2615 1952 2739 2025 ille
2781 1952 2874 2025 ad
2913 1974 3084 2025 snos
3123 1964 3498 2029 revocatus
3542 1956 3836 2027 institu-

1035 2078 1189 2141 tam
1246 2088 1479 2159 nuper
1533 2066 1961 2160 dignitatem
2018 2065 2370 2159 discipulo
2425 2088 2560 2141 suo
2617 2068 2966 2141 concessit
3019 2066 3350 2161 Asapho,
3403 2070 3532 2163 qui
3585 2090 3834 2163 quam.-

1036 2184 1163 2256 diu
1212 2184 1501 2265 sederit,
1548 2190 1679 2253 aut
1724 2182 2013 2274 quando
2060 2180 2342 2266 obierit,
2391 2204 2524 2275 pro
2571 2192 2934 2275 comperto
2995 2206 3144 2257 non
3201 2184 3470 2257 habene
3532 2185 3672 2257 hoc
3725 2194 3832 2257 ta·

1034 2322 1219 2373 men.
1248 2298 1563 2394 elogium
1606 2297 1674 2369 ei
1718 2297 2067 2369 concessit
2106 2295 2158 2369 J
2160 2320 2232 2369 o.
2283 2296 2776 2393 capgravius:
2828 2308 2875 2343 “
2909 2296 3188 2371 Genera
3223 2310 3296 2373 ct
3331 2301 3568 2393 specie
3599 2302 3834 2371 clarus

1038 2416 1131 2489 ab
1162 2416 1337 2508 ipso,
1352 2412 1753 2506 pubertatis
1784 2410 1982 2496 flore,
2016 2421 2091 2485 ct
2136 2412 2464 2505 doctrina
2503 2412 2790 2509 fulgens
2834 2423 2912 2488 et
2951 2415 3368 2501 virtutibus,
3413 2416 3640 2488 vitam
3679 2436 3834 2487 ma.-

1038 2531 1251 2626 gistri
1282 2532 1363 2602 in
1396 2529 1593 2601 omni
1624 2529 2004 2601 sanctitate
2038 2536 2111 2599 ct
2142 2527 2577 2601 abstinentia
2598 2530 2880 2625 jugiter
2913 2533 3117 2623 sequi
3149 2530 3593 2627 satagebat?
3689 2530 3832 2603 Ar-

1040 2647 1233 2745 nold.
1260 2645 1507 2717 Uvion
1530 2645 1656 2716 lib.
1682 2664 1798 2715 111.
1826 2642 2043 2739 Ligu.
2062 2641 2282 2715 Vitae
2303 2664 2466 2737 pag.
2489 2660 2688 2715 cnr.
2715 2654 2762 2687 ‘⁴
2787 2644 2878 2717 In
2899 2644 3234 2719 ScotiaS.
3259 2646 3539 2739 Asaphi
3567 2648 3830 2739 episco-

1039 2764 1180 2855 pi.'’
1298 2761 1818 2855 Epioeopatum
1874 2759 2123 2830 multis
2188 2766 2353 2850 post
2409 2759 2616 2829 illum
2665 2761 2926 2831 seculis
2974 2762 3298 2833 antistite
3349 2762 3686 2845 caruisse,
3739 2782 3832 2832 ex

1042 2876 1631 2951 Huntindonensi
1700 2896 1845 2945 non
1922 2873 2488 2966 improbabiliter
2559 2876 2833 2969 colligit
2917 2874 3341 2947 Franciscus
3413 2875 3828 2957 Godwinus,

1040 2994 1231 3089 quod
1297 3014 1487 3064 anno
1556 3006 1755 3062 Μαι.
1836 2988 2278 3063 cathedrales
2343 2996 2493 3059 tres
2559 2996 2844 3063 tantum
2920 2992 3002 3063 in
3075 2990 3346 3063 Wallia
3419 3012 3834 3067 enumeren-

1042 3119 1188 3193 tur,
1246 3105 1727 3190 Menevensis,
1786 3104 2299 3201 Bangorensis,
2366 3102 2881 3177 Landavensis.
2983 3104 3267 3197 Scripta
3326 3127 3498 3177 vero
3555 3106 3646 3177 ab
3701 3106 3836 3175 hoc

1039 3234 1309 3308 nostro,

1336 3338 1845 3411 Ordinationes
1880 3333 2244 3407 Ecclesiae
2273 3356 2446 3407 suae
2519 3393 2528 3403 .
3019 3336 3144 3409 lib.
3183 3355 3238 3407 1.

1038 3496 1047 3501 -
1339 3452 1767 3548 Keutigerni
1798 3451 2129 3547 magistri
2164 3448 2342 3523 Vita
3023 3452 3148 3523 lib.
3187 3468 3240 3522 1.

1142 3573 1235 3643 In
1284 3570 1410 3641 SS.
1460 3569 1707 3641 album
1748 3570 2019 3640 relatus
2060 3567 2400 3637 recolitur
2441 3568 2752 3643 calendis
2799 3568 2986 3641 Maii
3031 3589 3180 3641 una
3221 3588 3388 3639 cum
3430 3564 3832 3661 Walburga

1046 3688 1327 3784 virgine
1392 3687 1472 3758 in
1529 3684 2059 3779 Martyrologio
2122 3681 2474 3754 Romano.
2576 3681 2802 3756 Putat
2857 3683 3220 3755 illustriss.
3279 3680 3640 3755 Baronius
3693 3683 3834 3755 eln-

1048 3804 1277 3875 ruisse
1314 3824 1483 3873 eum
1530 3801 1721 3871 circa
1762 3820 2037 3871 annum
2084 3812 2338 3869 DCXV.
2381 3796 2576 3889 quod
2615 3800 2742 3869 vix
2783 3798 3111 3883 admitto,
3159 3818 3328 3869 nam
3373 3820 3420 3868 a
3459 3794 3536 3869 S.
3581 3794 3834 3869 Kanti-

1048 3942 1269 4015 gerno
1303 3939 1529 4010 usque
1562 3917 1653 3987 ad
1688 3914 1869 3985 illud
1903 3922 2187 4004 tempus
2221 3912 2393 3981 anni
2425 3921 2595 3983 sunt
2629 3916 2844 4005 paulo
2876 3914 3116 3985 minus
3149 3912 3462 3985 ducenti.

1986 4142 2061 4213 S.
2114 4138 2671 4215 ADRIANUS.
2773 4144 2893 4212 22.

1054 4383 1127 4453 S.
1186 4380 1631 4452 Annuums
1696 4384 1997 4467 martyr,
2066 4375 2191 4445 sed
2267 4392 2467 4465 puer,
2541 4380 2616 4442 et
2687 4368 2972 4445 Siciliae
3043 4370 3394 4463 princeps,
3473 4370 3545 4443 S.
3623 4368 3836 4443 Gere-

1058 4500 1257 4567 sinac
1290 4495 1579 4588 reginae
1610 4490 1823 4573 filius,
1858 4488 1931 4560 S.
1969 4487 2279 4561 Ursulae
2309 4486 2796 4569 consobrinus,
2833 4484 2904 4559 S.
2940 4484 3208 4559 Dar-iac
3240 4507 3482 4577 nepos,
3515 4484 3590 4559 S.
3627 4484 3838 4557 Mau-

1060 4615 1123 4683 ri
1148 4610 1412 4693 -affinis,
1448 4607 1673 4679 frater
1702 4604 1831 4675 SS.
1876 4604 2224 4687 Babiliae,
2264 4602 2312 4672 J
2315 4602 2524 4683 uliae,
2571 4598 2952 4684 Victoriae,
2997 4609 3071 4671 et
3110 4598 3424 4685 Aureae,
3471 4600 3837 4695 virginum

1060 4739 1133 4799 et
1176 4738 1601 4817 martyrum,
1650 4742 1871 4813 nepos
1914 4720 2165 4791 itidem
2207 4716 2282 4789 S.
2327 4716 2652 4789 Macririi
2699 4716 3030 4809 episcopi,
3073 4737 3236 4791 cum
3283 4726 3514 4791 matre
3553 4716 3628 4787 in
3681 4714 3842 4787 Bri-
