4384 5817
1070 595 1203 663 31ae
1728 592 1733 600 “
1836 591 2308 666 HISTORIA
2353 593 3108 665 ECCLESIASTICA

1174 787 1445 860 Caesus
1476 786 1719 884 gladio
1750 809 1941 860 anno
1974 805 2157 862 Dec.
2190 787 2457 861 colitur
2489 803 2629 858 xv,
2665 784 2872 858 Maii.

1990 1020 2063 1095 S.
2117 1019 2572 1095 GERESIN
2573 1017 2670 1091 A.
2770 1023 2940 1091 580.

1074 1253 1148 1325 S.
1202 1251 1661 1338 GEBESINA,
1722 1261 2055 1327 matrona
2111 1277 2194 1326 ac
2253 1251 2538 1325 Siciliae
2585 1253 2858 1349 regina,
2909 1253 3201 1326 natione
3252 1250 3487 1339 Senta,
3537 1275 3743 1328 soror
3791 1251 3866 1328 S.

1073 1369 1361 1455 Dariae‚
1410 1377 1799 1444 matertera
1848 1369 1921 1442 S.
1976 1369 2308 1452 Ursulae,
2368 1379 2602 1442 mater
2651 1390 2824 1440 vero
2875 1367 2950 1440 S.
3003 1366 3340 1454 Adriani,
3397 1369 3746 1463 principis
3795 1380 3869 1444 et

1074 1486 1443 1580 martyria,
1476 1497 1695 1580 atque
1727 1485 2040 1558 filiarum
2075 1485 2399 1569 Babilae,
2431 1483 2742 1570 Aureae,
2790 1484 2842 1555 J
2841 1485 3054 1570 uliae,
3105 1493 3180 1557 et
3226 1482 3614 1570 Victoriae,
3665 1507 3868 1560 soror

1074 1604 1327 1674 itidem
1360 1602 1433 1674 S.
1472 1601 1800 1675 Macririi
1846 1601 2183 1695 episcopi,
2231 1609 2320 1673 ut
2367 1610 2618 1673 narrat
2667 1599 2869 1672 Petri
2920 1599 3312 1696 Catalogus
3362 1601 3488 1674 lib.
3540 1620 3660 1675 1x.
3711 1625 3863 1696 cap.

1076 1736 1401 1792 xxcvn.
1444 1717 1723 1791 Audita
1748 1727 2159 1789 sanctarum
2182 1717 2516 1788 undecim
2535 1717 2845 1789 millium
2869 1716 3244 1813 virginum
3269 1719 3866 1814 peregrinatione,

1075 1858 1166 1906 ex
1198 1833 1443 1906 Sicilia
1476 1835 1555 1906 in
1590 1834 2013 1908 Germanias
2046 1834 2438 1918 advolavit,
2477 1833 2610 1904 ubi
2655 1855 2819 1905 cum
2869 1832 2964 1905 iis
3009 1855 3246 1926 passa,
3295 1855 3490 1906 nunc
3538 1834 3866 1907 Treviris

1076 1949 1291 2024 cubat
1314 1951 1391 2022 in
1410 1949 1753 2024 coenobio
1786 1949 1863 2022 S.
1892 1950 2276 2022 Matthiae.
2360 1947 2684 2022 Annales
2707 1948 3244 2042 Archiepiscop.
3271 1949 3647 2024 Treviren.
3675 1952 3866 2044 apud

1073 2065 1122 2136 J
1122 2089 1283 2140 oan.
1332 2067 1785 2139 Gualterium
1836 2089 2002 2162 pag.
2040 2081 2157 2137 MC
2166 2083 2468 2136 Dxxlx.
2568 2065 2872 2138 Venisse
2903 2074 3146 2138 autem
3181 2089 3338 2138 eam
3371 2088 3537 2138 cum
3569 2067 3864 2160 reliquis

1074 2181 1473 2267 Coloniam,
1516 2181 1709 2256 Acta
1740 2181 2354 2273 Archiepiscopat.
2407 2178 2853 2254 coloniensis
2901 2183 3304 2273 loquuntur
3335 2183 3530 2275 apud
3561 2183 3866 2254 eundem

1075 2297 1533 2372 Gualterium
1567 2298 1927 2371 Chronico
1961 2295 2294 2370 Chronic.
2345 2319 2510 2393 pag.
2549 2312 2900 2368 Mccmx.
2951 2318 3084 2370 nec
3130 2299 3321 2370 ullae
3370 2299 3552 2370 aliae
3600 2299 3693 2370 de
3740 2299 3866 2371 illa

1073 2416 1273 2510 apud
1302 2439 1421 2488 me
1450 2416 1861 2488 memoriae.

1169 2531 1399 2605 Passa
1440 2541 1553 2604 est
1594 2553 1787 2604 anno
1827 2545 2107 2603 anw.
2212 2527 2498 2602 Colitur
2527 2551 2693 2604 cum
2727 2529 2888 2604 aliis
2919 2529 3038 2602 die
3069 2529 3457 2615 communi,
3499 2537 3685 2605 xx'1.
3719 2529 3868 2604 No-

1068 2649 1406 2722 vembris.

2112 2875 2189 2948 S.
2245 2873 2546 2948 GERO.
2651 2881 2826 2952 581.

1076 3111 1151 3185 S.
1188 3112 1455 3198 GERO,
1500 3110 1563 3184 si
1596 3133 1743 3185 non
1780 3109 2058 3195 Scotus,
2108 3118 2302 3182 certe
2349 3109 2612 3182 Scotici
2661 3108 2737 3183 S.
2791 3111 3250 3185 Pantaleonis
3297 3113 3616 3186 coenobii
3661 3113 3867 3188 Colo-

1074 3232 1243 3302 niae
1290 3229 1535 3314 abbas,
1588 3228 1783 3323 quod
1830 3228 2121 3320 quidem
2172 3224 2594 3298 coenobium
2642 3227 3100 3314 Wilhelmus,
3151 3227 3414 3302 Achaii
3463 3231 3652 3326 regis
3703 3231 3868 3304 Sco·

1076 3347 1223 3418 tiae
1282 3345 1529 3430 frater,
1586 3353 1753 3438 post
1818 3342 2345 3435 expeditionem
2421 3339 3064 3438 Longobardicam‚
3131 3344 3271 3417 sub
3335 3345 3563 3441 signis
3629 3347 3868 3420 Caroli

1078 3462 1334 3558 Magni
1402 3461 1707 3534 feliciter
1752 3459 2236 3540 terminatam,
2286 3459 2366 3528 in
2422 3459 2734 3552 gratiam
2781 3461 3018 3556 gentis
3075 3483 3248 3534 suae
3293 3463 3686 3548 excitavit3
3747 3467 3862 3537 cui

1079 3579 1271 3652 Gero
1328 3587 1537 3650 tanta
1595 3575 2037 3649 continentia
2096 3573 2434 3668 praefuit,
2489 3583 2578 3646 ut
2629 3574 2949 3647 maxima
2999 3585 3074 3648 et
3119 3577 3524 3650 sanctitatis
3573 3589 3650 3652 et
3699 3579 3866 3652 boni

1080 3695 1455 3792 regiminis
1504 3699 1935 3789 argumenta
1982 3690 2379 3782 reliquerit.
2489 3687 2830 3762 Meminit
2861 3692 3020 3787 ejus
3055 3689 3384 3766 Historia
3419 3691 3867 3768 Inventionis

1080 3813 1153 3886 S.
1190 3811 1515 3884 Maurini
1550 3831 1703 3902 cap.
1736 3826 1887 3880 vn.
1935 3817 2023 3880 ut
2052 3807 2310 3878 recitat
2342 3804 2600 3877 Surius
2633 3815 2808 3878 tom.
2842 3824 2968 3880 111.
3021 3809 3304 3902 plenius
3336 3806 3754 3884 Gualterius
3789 3829 3864 3882 v.

1081 3947 1207 4002 cr..
1236 3929 1309 3999 in
1334 3926 1545 3999 Actis
1564 3923 2244 4018 Archiepiscopatus
2265 3921 2732 3994 Coloniensis.
2783 3922 2943 3996 Pet'.
2965 3923 3380 4021 Bugianus:
3409 3933 3454 3968 ⁸⁴
3473 3925 3546 3998 S.
3569 3925 3868 4010 oetion,

1084 4045 1305 4118 abbas
1338 4043 1617 4126 Scotus,
1650 4039 2015 4113 confessor
2035 4039 2101 4108 f'
2150 4059 2352 4112 error
2383 4039 2586 4122 levis,
2629 4039 2838 4131 quasi
2869 4039 3061 4112 idem
3108 4050 3295 4112 esset
3341 4063 3508 4114 cum
3541 4063 3627 4114 eo
3659 4043 3869 4138 cujus

1082 4159 1503 4232 memoriam
1568 4158 1821 4230 recolit
1887 4155 2181 4227 ecclesia
2247 4173 2330 4225 x.
2392 4153 2750 4238 Octobris,
2806 4154 2934 4247 qui
2995 4177 3159 4228 cum
3215 4157 3556 4229 trecentis
3623 4159 3866 4232 decem

1080 4287 1155 4349 et
1188 4285 1349 4348 octo
1382 4276 1591 4346 sociis
1644 4273 1983 4346 Coloniae
2028 4291 2308 4364 passus,
2357 4291 2523 4342 cum
2569 4275 2798 4363 paene
2846 4270 3038 4344 inter
3083 4271 3278 4364 ipsos
3325 4275 3643 4346 sexcenti
3694 4275 3864 4347 anni

1080 4401 1399 4469 currant.
1506 4391 1650 4462 Hic
1680 4393 1927 4462 noster
1958 4410 2131 4462 vero
2162 4373 2682 4460 monasterium
2713 4389 3100 4480 reparavit,
3149 4389 3518 4461 ecclesiam
3551 4388 3862 4476 ornavit,

1081 4514 1478 4584 claustrum
1542 4505 1918 4603 magnifice
1983 4504 2370 4589 decoravit,
2453 4511 2544 4574 ut
2607 4512 2768 4574 acta
2841 4503 2980 4574 loci
3061 4511 3448 4576 testantur.
3583 4505 3866 4600 Scripta

1212 4629 1471 4700 ‘erunt.

1076 4651 1523 4818 polli¹lorel>at
1554 4757 1747 4814 anno
1780 4753 2178 4812 nccccxc.
2282 4734 2568 4810 Colitur
2600 4753 2781 4807 xrx.
2817 4732 3101 4808 Martii.
3197 4731 3446 4810 Jacob.
3479 4735 3759 4831 cheyn.
