<?xml version="1.0" encoding="UTF-8"?>
<!DOCTYPE html PUBLIC "-//W3C//DTD XHTML 1.0 Transitional//EN"
    "http://www.w3.org/TR/xhtml1/DTD/xhtml1-transitional.dtd">
<html xmlns="http://www.w3.org/1999/xhtml" xml:lang="en" lang="en">
 <head>
  <title>
</title>
<meta http-equiv="Content-Type" content="text/html;charset=utf-8" />
  <meta name='ocr-system' content='tesseract 3.04.00' />
  <meta name='ocr-capabilities' content='ocr_page ocr_carea ocr_par ocr_line ocrx_word'/>
</head>
<body>
  <div class='ocr_page' id='page_1' title='image "./thomaedempsteri00unkngoog_0393.png"; bbox 0 0 4384 5817; ppageno 0'>
   <div class='ocr_carea' id='block_1_1' title="bbox 1034 579 3064 651">
    <p class='ocr_par' dir='ltr' id='par_1_1' title="bbox 1034 579 3064 651">
     <span class='ocr_line' id='line_1_1' title="bbox 1034 579 3064 651; baseline 0.002 -5"><span class='ocrx_word' id='word_1_1' title='bbox 1034 581 1165 646; x_wconf 81' lang='lat'><strong>318</strong></span> <span class='ocrx_word' id='word_1_2' title='bbox 1802 579 2272 650; x_wconf 85' lang='lat' dir='ltr'><strong>HISTORIA</strong></span> <span class='ocrx_word' id='word_1_3' title='bbox 2318 579 3064 651; x_wconf 84' lang='lat' dir='ltr'><strong>ECCLESIASTICA</strong></span> 
     </span>
    </p>
   </div>
   <div class='ocr_carea' id='block_1_2' title="bbox 1036 769 3830 962">
    <p class='ocr_par' dir='ltr' id='par_1_2' title="bbox 1036 769 3830 962">
     <span class='ocr_line' id='line_1_2' title="bbox 1140 769 3830 866; baseline 0.001 -22"><span class='ocrx_word' id='word_1_4' title='bbox 1140 773 1461 866; x_wconf 83' lang='lat' dir='ltr'><strong>Tempus</strong></span> <span class='ocrx_word' id='word_1_5' title='bbox 1508 781 1582 844; x_wconf 87' lang='lat' dir='ltr'><strong>et</strong></span> <span class='ocrx_word' id='word_1_6' title='bbox 1630 781 1827 844; x_wconf 85' lang='lat' dir='ltr'><strong>aetas</strong></span> <span class='ocrx_word' id='word_1_7' title='bbox 1876 773 2171 858; x_wconf 86' lang='lat' dir='ltr'><strong>incerta,</strong></span> <span class='ocrx_word' id='word_1_8' title='bbox 2221 775 2374 846; x_wconf 86' lang='lat' dir='ltr'><strong>dies</strong></span> <span class='ocrx_word' id='word_1_9' title='bbox 2407 775 2644 846; x_wconf 86' lang='lat' dir='ltr'><strong>cultus</strong></span> <span class='ocrx_word' id='word_1_10' title='bbox 2681 791 2923 845; x_wconf 71' lang='lat' dir='ltr'><strong>xxm.</strong></span> <span class='ocrx_word' id='word_1_11' title='bbox 2961 771 3167 844; x_wconf 89' lang='lat' dir='ltr'><strong>Maii.</strong></span> <span class='ocrx_word' id='word_1_12' title='bbox 3271 769 3596 846; x_wconf 77' lang='lat' dir='ltr'><strong>Tabulae</strong></span> <span class='ocrx_word' id='word_1_13' title='bbox 3633 773 3830 846; x_wconf 87' lang='lat' dir='ltr'><strong>Rhe-</strong></span> 
     </span>
     <span class='ocr_line' id='line_1_3' title="bbox 1036 911 1333 962; baseline -0.01 0"><span class='ocrx_word' id='word_1_14' title='bbox 1036 911 1333 962; x_wconf 87' lang='lat' dir='ltr'><strong>menses.</strong></span> 
     </span>
    </p>
   </div>
   <div class='ocr_carea' id='block_1_3' title="bbox 1944 1119 2918 1202">
    <p class='ocr_par' dir='ltr' id='par_1_3' title="bbox 1944 1119 2918 1202">
     <span class='ocr_line' id='line_1_4' title="bbox 1944 1119 2918 1202; baseline -0.004 -6"><span class='ocrx_word' id='word_1_15' title='bbox 1944 1122 2354 1196; x_wconf 85' lang='lat' dir='ltr'>GALDUS</span> <span class='ocrx_word' id='word_1_16' title='bbox 2403 1119 2646 1193; x_wconf 77' lang='lat' dir='ltr'><strong>REX.</strong></span> <span class='ocrx_word' id='word_1_17' title='bbox 2749 1125 2918 1202; x_wconf 76' lang='lat'><strong>592.</strong></span> 
     </span>
    </p>
   </div>
   <div class='ocr_carea' id='block_1_4' title="bbox 1030 1353 3830 4905">
    <p class='ocr_par' dir='ltr' id='par_1_4' title="bbox 1030 1353 3830 4905">
     <span class='ocr_line' id='line_1_5' title="bbox 1038 1353 3816 1438; baseline -0 -12"><span class='ocrx_word' id='word_1_18' title='bbox 1038 1355 1399 1438; x_wconf 76' lang='lat' dir='ltr'>GALDUS‚</span> <span class='ocrx_word' id='word_1_19' title='bbox 1436 1377 1563 1426; x_wconf 81' lang='lat' dir='ltr'><strong>rex</strong></span> <span class='ocrx_word' id='word_1_20' title='bbox 1594 1353 1874 1427; x_wconf 87' lang='lat' dir='ltr'><strong>Scotiae</strong></span> <span class='ocrx_word' id='word_1_21' title='bbox 1906 1373 2086 1426; x_wconf 82' lang='lat' dir='ltr'><strong>xxl.</strong></span> <span class='ocrx_word' id='word_1_22' title='bbox 2121 1355 2464 1427; x_wconf 89' lang='lat' dir='ltr'><strong>Dardano</strong></span> <span class='ocrx_word' id='word_1_23' title='bbox 2497 1353 2854 1426; x_wconf 87' lang='lat' dir='ltr'><strong>successit.</strong></span> <span class='ocrx_word' id='word_1_24' title='bbox 2927 1353 3160 1426; x_wconf 87' lang='lat' dir='ltr'><strong>Semel</strong></span> <span class='ocrx_word' id='word_1_25' title='bbox 3193 1353 3526 1428; x_wconf 84' lang='lat' dir='ltr'><strong>Romana</strong></span> <span class='ocrx_word' id='word_1_26' title='bbox 3556 1366 3816 1436; x_wconf 84' lang='lat' dir='ltr'><strong>castra,</strong></span> 
     </span>
     <span class='ocr_line' id='line_1_6' title="bbox 1037 1470 3829 1567; baseline -0.001 -24"><span class='ocrx_word' id='word_1_27' title='bbox 1037 1495 1219 1565; x_wconf 90' lang='lat' dir='ltr'><strong>quae</strong></span> <span class='ocrx_word' id='word_1_28' title='bbox 1273 1482 1475 1544; x_wconf 89' lang='lat' dir='ltr'><strong>trans</strong></span> <span class='ocrx_word' id='word_1_29' title='bbox 1524 1470 1947 1543; x_wconf 81' lang='lat' dir='ltr'>Bodotriam</span> <span class='ocrx_word' id='word_1_30' title='bbox 1995 1470 2238 1543; x_wconf 84' lang='lat' dir='ltr'><strong>Julius</strong></span> <span class='ocrx_word' id='word_1_31' title='bbox 2293 1471 2637 1567; x_wconf 79' lang='lat' dir='ltr'><strong>Agricola</strong></span> <span class='ocrx_word' id='word_1_32' title='bbox 2683 1471 3012 1554; x_wconf 81' lang='lat' dir='ltr'><strong>duxerat,</strong></span> <span class='ocrx_word' id='word_1_33' title='bbox 3065 1481 3282 1544; x_wconf 90' lang='lat' dir='ltr'><strong>noctu</strong></span> <span class='ocrx_word' id='word_1_34' title='bbox 3327 1473 3643 1555; x_wconf 80' lang='lat' dir='ltr'><strong>adortus,</strong></span> <span class='ocrx_word' id='word_1_35' title='bbox 3693 1493 3829 1541; x_wconf 90' lang='lat' dir='ltr'><strong>suo</strong></span> 
     </span>
     <span class='ocr_line' id='line_1_7' title="bbox 1034 1587 3822 1682; baseline -0 -25"><span class='ocrx_word' id='word_1_36' title='bbox 1034 1591 1225 1659; x_wconf 90' lang='lat' dir='ltr'><strong>malo</strong></span> <span class='ocrx_word' id='word_1_37' title='bbox 1258 1590 1607 1681; x_wconf 87' lang='lat' dir='ltr'><strong>repulsus,</strong></span> <span class='ocrx_word' id='word_1_38' title='bbox 1641 1587 1898 1658; x_wconf 88' lang='lat' dir='ltr'><strong>deinde</strong></span> <span class='ocrx_word' id='word_1_39' title='bbox 1929 1587 2021 1660; x_wconf 90' lang='lat' dir='ltr'><strong>ab</strong></span> <span class='ocrx_word' id='word_1_40' title='bbox 2054 1589 2302 1658; x_wconf 89' lang='lat' dir='ltr'><strong>eodem</strong></span> <span class='ocrx_word' id='word_1_41' title='bbox 2332 1587 2679 1682; x_wconf 81' lang='lat' dir='ltr'><strong>&#39;Agricola</strong></span> <span class='ocrx_word' id='word_1_42' title='bbox 2709 1588 3008 1660; x_wconf 82' lang='lat' dir='ltr'><strong>stataria</strong></span> <span class='ocrx_word' id='word_1_43' title='bbox 3039 1609 3286 1682; x_wconf 89' lang='lat' dir='ltr'><strong>pugna</strong></span> <span class='ocrx_word' id='word_1_44' title='bbox 3336 1588 3634 1672; x_wconf 88' lang='lat' dir='ltr'><strong>fractus,</strong></span> <span class='ocrx_word' id='word_1_45' title='bbox 3687 1587 3822 1658; x_wconf 90' lang='lat' dir='ltr'><strong>Cn.</strong></span> 
     </span>
     <span class='ocr_line' id='line_1_8' title="bbox 1040 1701 3826 1799; baseline 0 -27"><span class='ocrx_word' id='word_1_46' title='bbox 1040 1701 1502 1786; x_wconf 83' lang='lat' dir='ltr'><strong>Trebellium,</strong></span> <span class='ocrx_word' id='word_1_47' title='bbox 1536 1703 1763 1774; x_wconf 88' lang='lat' dir='ltr'><strong>eidem</strong></span> <span class='ocrx_word' id='word_1_48' title='bbox 1800 1725 1965 1772; x_wconf 90' lang='lat' dir='ltr'><strong>cum</strong></span> <span class='ocrx_word' id='word_1_49' title='bbox 1998 1725 2286 1774; x_wconf 89' lang='lat' dir='ltr'><strong>summa</strong></span> <span class='ocrx_word' id='word_1_50' title='bbox 2328 1705 2547 1799; x_wconf 89' lang='lat' dir='ltr'><strong>legati</strong></span> <span class='ocrx_word' id='word_1_51' title='bbox 2592 1713 2945 1796; x_wconf 81' lang='lat' dir='ltr'><strong>potestate</strong></span> <span class='ocrx_word' id='word_1_52' title='bbox 2989 1705 3504 1790; x_wconf 81' lang='lat' dir='ltr'><strong>succedentem,</strong></span> <span class='ocrx_word' id='word_1_53' title='bbox 3555 1705 3826 1798; x_wconf 84' lang='lat' dir='ltr'><strong>triplici</strong></span> 
     </span>
     <span class='ocr_line' id='line_1_9' title="bbox 1040 1818 3828 1916; baseline 0.001 -28"><span class='ocrx_word' id='word_1_54' title='bbox 1040 1819 1189 1890; x_wconf 89' lang='lat' dir='ltr'><strong>acie</strong></span> <span class='ocrx_word' id='word_1_55' title='bbox 1221 1821 1481 1890; x_wconf 87' lang='lat' dir='ltr'><strong>collata</strong></span> <span class='ocrx_word' id='word_1_56' title='bbox 1522 1828 1961 1911; x_wconf 90' lang='lat' dir='ltr'><strong>superatum,</strong></span> <span class='ocrx_word' id='word_1_57' title='bbox 2014 1821 2187 1891; x_wconf 89' lang='lat' dir='ltr'><strong>totis</strong></span> <span class='ocrx_word' id='word_1_58' title='bbox 2231 1818 2659 1892; x_wconf 91' lang='lat' dir='ltr'><strong>Caledoniae</strong></span> <span class='ocrx_word' id='word_1_59' title='bbox 2691 1819 2952 1892; x_wconf 85' lang='lat' dir='ltr'><strong>finibus</strong></span> <span class='ocrx_word' id='word_1_60' title='bbox 2985 1821 3246 1916; x_wconf 81' lang='lat' dir='ltr'><strong>exegit.</strong></span> <span class='ocrx_word' id='word_1_61' title='bbox 3353 1821 3553 1894; x_wconf 88' lang='lat' dir='ltr'><strong>Haec</strong></span> <span class='ocrx_word' id='word_1_62' title='bbox 3585 1843 3828 1892; x_wconf 85' lang='lat' dir='ltr'><strong>recen·</strong></span> 
     </span>
     <span class='ocr_line' id='line_1_10' title="bbox 1035 1935 3830 2033; baseline -0.001 -24"><span class='ocrx_word' id='word_1_63' title='bbox 1035 1941 1250 2010; x_wconf 89' lang='lat' dir='ltr'><strong>tiores</strong></span> <span class='ocrx_word' id='word_1_64' title='bbox 1274 1939 1495 2033; x_wconf 85' lang='lat' dir='ltr'><strong>juxta</strong></span> <span class='ocrx_word' id='word_1_65' title='bbox 1524 1959 1607 2009; x_wconf 93' lang='lat' dir='ltr'><strong>ac</strong></span> <span class='ocrx_word' id='word_1_66' title='bbox 1640 1947 1915 2008; x_wconf 84' lang='lat' dir='ltr'><strong>veteres</strong></span> <span class='ocrx_word' id='word_1_67' title='bbox 1948 1959 2191 2008; x_wconf 91' lang='lat' dir='ltr'><strong>rerum</strong></span> <span class='ocrx_word' id='word_1_68' title='bbox 2225 1935 2666 2008; x_wconf 88' lang='lat' dir='ltr'><strong>Scoticarum</strong></span> <span class='ocrx_word' id='word_1_69' title='bbox 2699 1935 3042 2029; x_wconf 83' lang='lat' dir='ltr'><strong>scripsere</strong></span> <span class='ocrx_word' id='word_1_70' title='bbox 3075 1937 3402 2008; x_wconf 79' lang='lat' dir='ltr'><strong>annales:</strong></span> <span class='ocrx_word' id='word_1_71' title='bbox 3433 1959 3620 2029; x_wconf 90' lang='lat' dir='ltr'><strong>quae</strong></span> <span class='ocrx_word' id='word_1_72' title='bbox 3653 1959 3830 2031; x_wconf 88' lang='lat' dir='ltr'><strong>ergo</strong></span> 
     </span>
     <span class='ocr_line' id='line_1_11' title="bbox 1035 2051 3826 2148; baseline -0.001 -22"><span class='ocrx_word' id='word_1_73' title='bbox 1035 2055 1349 2126; x_wconf 87' lang='lat' dir='ltr'><strong>amentia</strong></span> <span class='ocrx_word' id='word_1_74' title='bbox 1380 2063 1491 2126; x_wconf 89' lang='lat' dir='ltr'><strong>est</strong></span> <span class='ocrx_word' id='word_1_75' title='bbox 1532 2053 1870 2148; x_wconf 89' lang='lat' dir='ltr'><strong>ignobilis</strong></span> <span class='ocrx_word' id='word_1_76' title='bbox 1922 2052 2215 2134; x_wconf 90' lang='lat' dir='ltr'><strong>Pitsaei,</strong></span> <span class='ocrx_word' id='word_1_77' title='bbox 2266 2053 2392 2144; x_wconf 93' lang='lat' dir='ltr'><strong>qui</strong></span> <span class='ocrx_word' id='word_1_78' title='bbox 2439 2073 2604 2146; x_wconf 86' lang='lat' dir='ltr'><strong>pag.</strong></span> <span class='ocrx_word' id='word_1_79' title='bbox 2643 2070 2876 2122; x_wconf 76' lang='lat' dir='ltr'><strong>Lxxl.</strong></span> <span class='ocrx_word' id='word_1_80' title='bbox 2928 2051 3136 2124; x_wconf 88' lang='lat' dir='ltr'><strong>illum</strong></span> <span class='ocrx_word' id='word_1_81' title='bbox 3178 2053 3332 2124; x_wconf 86' lang='lat' dir='ltr'><strong>suis</strong></span> <span class='ocrx_word' id='word_1_82' title='bbox 3375 2062 3826 2133; x_wconf 82' lang='lat' dir='ltr'><strong>annumerat,</strong></span> 
     </span>
     <span class='ocr_line' id='line_1_12' title="bbox 1034 2166 3826 2262; baseline -0.002 -21"><span class='ocrx_word' id='word_1_83' title='bbox 1034 2192 1116 2241; x_wconf 89' lang='lat' dir='ltr'><strong>ac</strong></span> <span class='ocrx_word' id='word_1_84' title='bbox 1144 2169 1323 2240; x_wconf 90' lang='lat' dir='ltr'><strong>inid</strong></span> <span class='ocrx_word' id='word_1_85' title='bbox 1351 2167 1687 2240; x_wconf 85' lang='lat' dir='ltr'><strong>Tacitum</strong></span> <span class='ocrx_word' id='word_1_86' title='bbox 1715 2168 1969 2239; x_wconf 82' lang='lat' dir='ltr'><strong>laudat</strong></span> <span class='ocrx_word' id='word_1_87' title='bbox 1982 2166 2019 2236; x_wconf 71' lang='lat'><strong>3³</strong></span> <span class='ocrx_word' id='word_1_88' title='bbox 2072 2166 2196 2237; x_wconf 91' lang='lat' dir='ltr'><strong>Tu</strong></span> <span class='ocrx_word' id='word_1_89' title='bbox 2225 2169 2447 2238; x_wconf 85' lang='lat' dir='ltr'><strong>lector</strong></span> <span class='ocrx_word' id='word_1_90' title='bbox 2480 2175 2713 2237; x_wconf 84' lang='lat' dir='ltr'><strong>tecum</strong></span> <span class='ocrx_word' id='word_1_91' title='bbox 2749 2177 3026 2258; x_wconf 89' lang='lat' dir='ltr'><strong>reputa,</strong></span> <span class='ocrx_word' id='word_1_92' title='bbox 3063 2191 3198 2262; x_wconf 87' lang='lat' dir='ltr'><strong>ego</strong></span> <span class='ocrx_word' id='word_1_93' title='bbox 3223 2166 3464 2239; x_wconf 85' lang='lat' dir='ltr'><strong>Taciti</strong></span> <span class='ocrx_word' id='word_1_94' title='bbox 3497 2167 3724 2239; x_wconf 84' lang='lat' dir='ltr'><strong>verba</strong></span> <span class='ocrx_word' id='word_1_95' title='bbox 3745 2169 3826 2237; x_wconf 87' lang='lat' dir='ltr'><strong>in</strong></span> 
     </span>
     <span class='ocr_line' id='line_1_13' title="bbox 1035 2281 3822 2381; baseline -0.001 -25"><span class='ocrx_word' id='word_1_96' title='bbox 1035 2285 1415 2381; x_wconf 86' lang='lat' dir='ltr'><strong>Agricolae</strong></span> <span class='ocrx_word' id='word_1_97' title='bbox 1462 2281 1641 2356; x_wconf 87' lang='lat' dir='ltr'><strong>Vita</strong></span> <span class='ocrx_word' id='word_1_98' title='bbox 1696 2283 1916 2355; x_wconf 83' lang='lat' dir='ltr'><strong>affero</strong></span> <span class='ocrx_word' id='word_1_99' title='bbox 1947 2303 1965 2352; x_wconf 70' lang='grc' dir='ltr'><em>ε</em></span> <span class='ocrx_word' id='word_1_100' title='bbox 2022 2290 2071 2326; x_wconf 86' lang='grc'><strong>“</strong></span> <span class='ocrx_word' id='word_1_101' title='bbox 2120 2283 2244 2352; x_wconf 91' lang='lat' dir='ltr'><strong>Ad</strong></span> <span class='ocrx_word' id='word_1_102' title='bbox 2290 2304 2544 2353; x_wconf 90' lang='lat' dir='ltr'><strong>manus</strong></span> <span class='ocrx_word' id='word_1_103' title='bbox 2597 2292 2670 2354; x_wconf 92' lang='lat' dir='ltr'><strong>et</strong></span> <span class='ocrx_word' id='word_1_104' title='bbox 2733 2306 2936 2355; x_wconf 87' lang='lat' dir='ltr'><strong>arma</strong></span> <span class='ocrx_word' id='word_1_105' title='bbox 2983 2283 3306 2355; x_wconf 84' lang='lat' dir='ltr'><strong>conversi</strong></span> <span class='ocrx_word' id='word_1_106' title='bbox 3359 2281 3822 2355; x_wconf 87' lang='lat' dir='ltr'><strong>Caledoniam</strong></span> 
     </span>
     <span class='ocr_line' id='line_1_14' title="bbox 1032 2397 3821 2494; baseline -0.001 -22"><span class='ocrx_word' id='word_1_107' title='bbox 1032 2404 1418 2473; x_wconf 85' lang='lat' dir='ltr'><strong>incolentes</strong></span> <span class='ocrx_word' id='word_1_108' title='bbox 1444 2401 1715 2492; x_wconf 90' lang='lat' dir='ltr'><strong>populi,</strong></span> <span class='ocrx_word' id='word_1_109' title='bbox 1736 2421 2001 2494; x_wconf 92' lang='lat' dir='ltr'><strong>magno</strong></span> <span class='ocrx_word' id='word_1_110' title='bbox 2026 2409 2308 2492; x_wconf 89' lang='lat' dir='ltr'><strong>paratu,</strong></span> <span class='ocrx_word' id='word_1_111' title='bbox 2337 2400 2608 2494; x_wconf 89' lang='lat' dir='ltr'><strong>majore</strong></span> <span class='ocrx_word' id='word_1_112' title='bbox 2631 2399 2888 2470; x_wconf 82' lang='lat' dir='ltr'><strong>fama.”</strong></span> <span class='ocrx_word' id='word_1_113' title='bbox 2939 2400 3116 2471; x_wconf 88' lang='lat' dir='ltr'><strong>Post</strong></span> <span class='ocrx_word' id='word_1_114' title='bbox 3137 2421 3386 2492; x_wconf 89' lang='lat' dir='ltr'><strong>pauca,</strong></span> <span class='ocrx_word' id='word_1_115' title='bbox 3413 2397 3821 2472; x_wconf 84' lang='lat' dir='ltr'><strong>ferocientis</strong></span> 
     </span>
     <span class='ocr_line' id='line_1_15' title="bbox 1034 2514 3826 2609; baseline -0.001 -21"><span class='ocrx_word' id='word_1_116' title='bbox 1034 2518 1285 2589; x_wconf 90' lang='lat' dir='ltr'><strong>militis</strong></span> <span class='ocrx_word' id='word_1_117' title='bbox 1320 2517 1650 2588; x_wconf 83' lang='lat' dir='ltr'><strong>alacritas</strong></span> <span class='ocrx_word' id='word_1_118' title='bbox 1684 2514 2033 2587; x_wconf 85' lang='lat' dir='ltr'><strong>fremebat</strong></span> <span class='ocrx_word' id='word_1_119' title='bbox 2066 2515 2576 2608; x_wconf 87' lang='lat' dir='ltr'><strong>penetrandam</strong></span> <span class='ocrx_word' id='word_1_120' title='bbox 2611 2515 3114 2586; x_wconf 88' lang='lat' dir='ltr'><strong>Caledoniam:</strong></span> <span class='ocrx_word' id='word_1_121' title='bbox 3167 2537 3384 2609; x_wconf 91' lang='lat' dir='ltr'><strong>quam</strong></span> <span class='ocrx_word' id='word_1_122' title='bbox 3437 2537 3604 2586; x_wconf 85' lang='lat' dir='ltr'><strong>vere</strong></span> <span class='ocrx_word' id='word_1_123' title='bbox 3651 2515 3826 2586; x_wconf 85' lang='lat' dir='ltr'><strong>haec</strong></span> 
     </span>
     <span class='ocr_line' id='line_1_16' title="bbox 1032 2627 3826 2724; baseline -0 -22"><span class='ocrx_word' id='word_1_124' title='bbox 1032 2636 1121 2705; x_wconf 91' lang='lat' dir='ltr'><strong>de</strong></span> <span class='ocrx_word' id='word_1_125' title='bbox 1152 2635 1325 2716; x_wconf 90' lang='lat' dir='ltr'><strong>tuis,</strong></span> <span class='ocrx_word' id='word_1_126' title='bbox 1352 2631 1661 2716; x_wconf 87' lang='lat' dir='ltr'><strong>Pitsaee,</strong></span> <span class='ocrx_word' id='word_1_127' title='bbox 1694 2629 2066 2704; x_wconf 86' lang='lat' dir='ltr'><strong>Britannis</strong></span> <span class='ocrx_word' id='word_1_128' title='bbox 2083 2631 2117 2700; x_wconf 74' lang='grc' dir='ltr'>Ρ</span> <span class='ocrx_word' id='word_1_129' title='bbox 2158 2630 2322 2722; x_wconf 92' lang='lat' dir='ltr'><strong>Ipse</strong></span> <span class='ocrx_word' id='word_1_130' title='bbox 2342 2627 2614 2701; x_wconf 89' lang='lat' dir='ltr'><strong>Galdus</strong></span> <span class='ocrx_word' id='word_1_131' title='bbox 2639 2652 2768 2701; x_wconf 85' lang='lat' dir='ltr'><strong>seu</strong></span> <span class='ocrx_word' id='word_1_132' title='bbox 2789 2629 3144 2724; x_wconf 85' lang='lat' dir='ltr'><strong>Galgacus</strong></span> <span class='ocrx_word' id='word_1_133' title='bbox 3170 2631 3344 2703; x_wconf 88' lang='lat' dir='ltr'><strong>haec</strong></span> <span class='ocrx_word' id='word_1_134' title='bbox 3367 2632 3464 2705; x_wconf 93' lang='lat' dir='ltr'><strong>ibi</strong></span> <span class='ocrx_word' id='word_1_135' title='bbox 3488 2650 3511 2702; x_wconf 72' lang='lat' dir='ltr'><strong>t</strong></span> <span class='ocrx_word' id='word_1_136' title='bbox 3563 2640 3606 2671; x_wconf 83' lang='lat'><strong>‘⁶</strong></span> <span class='ocrx_word' id='word_1_137' title='bbox 3635 2631 3826 2702; x_wconf 90' lang='lat' dir='ltr'><strong>Nam</strong></span> 
     </span>
     <span class='ocr_line' id='line_1_17' title="bbox 1033 2745 3828 2841; baseline -0.001 -23"><span class='ocrx_word' id='word_1_138' title='bbox 1033 2759 1107 2818; x_wconf 93' lang='lat' dir='ltr'><strong>et</strong></span> <span class='ocrx_word' id='word_1_139' title='bbox 1138 2747 1459 2818; x_wconf 87' lang='lat' dir='ltr'><strong>universi</strong></span> <span class='ocrx_word' id='word_1_140' title='bbox 1492 2747 1864 2817; x_wconf 83' lang='lat' dir='ltr'><strong>servitutis</strong></span> <span class='ocrx_word' id='word_1_141' title='bbox 1898 2755 2226 2838; x_wconf 81' lang='lat' dir='ltr'><strong>expertes</strong></span> <span class='ocrx_word' id='word_1_142' title='bbox 2251 2747 2316 2830; x_wconf 86' lang='lat'><strong>;&#39;’</strong></span> <span class='ocrx_word' id='word_1_143' title='bbox 2367 2745 2704 2817; x_wconf 85' lang='lat' dir='ltr'><strong>Britanni</strong></span> <span class='ocrx_word' id='word_1_144' title='bbox 2739 2768 2910 2817; x_wconf 87' lang='lat' dir='ltr'><strong>vero</strong></span> <span class='ocrx_word' id='word_1_145' title='bbox 2957 2749 3203 2830; x_wconf 87' lang='lat' dir='ltr'><strong>vestri,</strong></span> <span class='ocrx_word' id='word_1_146' title='bbox 3241 2747 3550 2831; x_wconf 85' lang='lat' dir='ltr'><strong>Pitsaee,</strong></span> <span class='ocrx_word' id='word_1_147' title='bbox 3592 2749 3748 2841; x_wconf 89' lang='lat' dir='ltr'><strong>jam</strong></span> <span class='ocrx_word' id='word_1_148' title='bbox 3785 2771 3828 2817; x_wconf 88' lang='lat' dir='ltr'><strong>a</strong></span> 
     </span>
     <span class='ocr_line' id='line_1_18' title="bbox 1032 2860 3826 2956; baseline -0.001 -22"><span class='ocrx_word' id='word_1_149' title='bbox 1032 2863 1335 2934; x_wconf 86' lang='lat' dir='ltr'><strong>Claudio</strong></span> <span class='ocrx_word' id='word_1_150' title='bbox 1370 2861 1673 2933; x_wconf 85' lang='lat' dir='ltr'><strong>Caesare</strong></span> <span class='ocrx_word' id='word_1_151' title='bbox 1696 2863 1961 2956; x_wconf 88' lang='lat' dir='ltr'><strong>jugum</strong></span> <span class='ocrx_word' id='word_1_152' title='bbox 1998 2861 2344 2934; x_wconf 87' lang='lat' dir='ltr'><strong>ferebant.</strong></span> <span class='ocrx_word' id='word_1_153' title='bbox 2419 2861 2669 2956; x_wconf 87' lang='lat' dir='ltr'><strong>Pergit</strong></span> <span class='ocrx_word' id='word_1_154' title='bbox 2690 2860 3014 2940; x_wconf 64' lang='lat' dir='ltr'><strong>Galdusa</strong></span> <span class='ocrx_word' id='word_1_155' title='bbox 3052 2870 3098 2904; x_wconf 87' lang='lat'><strong>“</strong></span> <span class='ocrx_word' id='word_1_156' title='bbox 3121 2861 3197 2932; x_wconf 88' lang='lat' dir='ltr'>N</span> <span class='ocrx_word' id='word_1_157' title='bbox 3199 2861 3570 2934; x_wconf 88' lang='lat' dir='ltr'><strong>obilissimi</strong></span> <span class='ocrx_word' id='word_1_158' title='bbox 3603 2863 3826 2935; x_wconf 88' lang='lat' dir='ltr'><strong>totius</strong></span> 
     </span>
     <span class='ocr_line' id='line_1_19' title="bbox 1030 2977 3826 3070; baseline -0 -21"><span class='ocrx_word' id='word_1_159' title='bbox 1030 2979 1477 3060; x_wconf 87' lang='lat' dir='ltr'><strong>Britanniae,</strong></span> <span class='ocrx_word' id='word_1_160' title='bbox 1528 2999 1751 3070; x_wconf 90' lang='lat' dir='ltr'><strong>eoque</strong></span> <span class='ocrx_word' id='word_1_161' title='bbox 1803 2979 1879 3047; x_wconf 90' lang='lat' dir='ltr'><strong>in</strong></span> <span class='ocrx_word' id='word_1_162' title='bbox 1928 2977 2107 3068; x_wconf 90' lang='lat' dir='ltr'><strong>ipsis</strong></span> <span class='ocrx_word' id='word_1_163' title='bbox 2156 2977 2640 3070; x_wconf 88' lang='lat' dir='ltr'><strong>penetralibus</strong></span> <span class='ocrx_word' id='word_1_164' title='bbox 2683 2978 2830 3060; x_wconf 90' lang='lat' dir='ltr'><strong>siti,</strong></span> <span class='ocrx_word' id='word_1_165' title='bbox 2880 3001 3010 3050; x_wconf 91' lang='lat' dir='ltr'><strong>nec</strong></span> <span class='ocrx_word' id='word_1_166' title='bbox 3059 2981 3532 3052; x_wconf 87' lang='lat' dir='ltr'><strong>servientium</strong></span> <span class='ocrx_word' id='word_1_167' title='bbox 3580 2979 3826 3050; x_wconf 88' lang='lat' dir='ltr'><strong>littora</strong></span> 
     </span>
     <span class='ocr_line' id='line_1_20' title="bbox 1031 3094 3823 3188; baseline -0.001 -22"><span class='ocrx_word' id='word_1_168' title='bbox 1031 3095 1473 3188; x_wconf 87' lang='lat' dir='ltr'><strong>aspicientes,</strong></span> <span class='ocrx_word' id='word_1_169' title='bbox 1510 3095 1751 3165; x_wconf 81' lang='lat' dir='ltr'><strong>oculos</strong></span> <span class='ocrx_word' id='word_1_170' title='bbox 1784 3115 2070 3185; x_wconf 90' lang='lat' dir='ltr'><strong>quoque</strong></span> <span class='ocrx_word' id='word_1_171' title='bbox 2104 3116 2150 3163; x_wconf 90' lang='lat' dir='ltr'><strong>a</strong></span> <span class='ocrx_word' id='word_1_172' title='bbox 2182 3103 2515 3164; x_wconf 87' lang='lat' dir='ltr'><strong>contactu</strong></span> <span class='ocrx_word' id='word_1_173' title='bbox 2549 3094 3058 3166; x_wconf 89' lang='lat' dir='ltr'><strong>dominationis</strong></span> <span class='ocrx_word' id='word_1_174' title='bbox 3093 3095 3474 3165; x_wconf 87' lang='lat' dir='ltr'><strong>inviolatos</strong></span> <span class='ocrx_word' id='word_1_175' title='bbox 3519 3095 3823 3166; x_wconf 90' lang='lat' dir='ltr'><strong>habeba-</strong></span> 
     </span>
     <span class='ocr_line' id='line_1_21' title="bbox 1030 3207 3822 3294; baseline -0 -13"><span class='ocrx_word' id='word_1_176' title='bbox 1030 3211 1258 3284; x_wconf 88' lang='lat' dir='ltr'><strong>mus.’&#39;</strong></span> <span class='ocrx_word' id='word_1_177' title='bbox 1333 3209 1521 3280; x_wconf 85' lang='lat' dir='ltr'><strong>Ecce</strong></span> <span class='ocrx_word' id='word_1_178' title='bbox 1555 3207 1829 3280; x_wconf 86' lang='lat' dir='ltr'><strong>Galdus</strong></span> <span class='ocrx_word' id='word_1_179' title='bbox 1854 3231 1946 3278; x_wconf 90' lang='lat' dir='ltr'><strong>ne</strong></span> <span class='ocrx_word' id='word_1_180' title='bbox 1970 3217 2137 3279; x_wconf 89' lang='lat' dir='ltr'><strong>tuae</strong></span> <span class='ocrx_word' id='word_1_181' title='bbox 2160 3207 2605 3294; x_wconf 88' lang='lat' dir='ltr'><strong>Britanniae,</strong></span> <span class='ocrx_word' id='word_1_182' title='bbox 2647 3209 2952 3292; x_wconf 88' lang='lat' dir='ltr'><strong>Pitsaee,</strong></span> <span class='ocrx_word' id='word_1_183' title='bbox 2979 3212 3226 3282; x_wconf 87' lang='lat' dir='ltr'><strong>littora</strong></span> <span class='ocrx_word' id='word_1_184' title='bbox 3247 3211 3548 3282; x_wconf 85' lang='lat' dir='ltr'><strong>viderat.</strong></span> <span class='ocrx_word' id='word_1_185' title='bbox 3627 3208 3822 3280; x_wconf 90' lang='lat' dir='ltr'><strong>Tum</strong></span> 
     </span>
     <span class='ocr_line' id='line_1_22' title="bbox 1030 3322 3826 3418; baseline -0 -21"><span class='ocrx_word' id='word_1_186' title='bbox 1030 3329 1255 3397; x_wconf 82' lang='lat' dir='ltr'><strong>idem:</strong></span> <span class='ocrx_word' id='word_1_187' title='bbox 1285 3339 1327 3368; x_wconf 81' lang='lat'><strong>‘⁶</strong></span> <span class='ocrx_word' id='word_1_188' title='bbox 1341 3325 1495 3395; x_wconf 88' lang='lat' dir='ltr'><strong>Nos</strong></span> <span class='ocrx_word' id='word_1_189' title='bbox 1518 3325 1803 3418; x_wconf 84' lang='lat' dir='ltr'><strong>integri,</strong></span> <span class='ocrx_word' id='word_1_190' title='bbox 1826 3335 1899 3395; x_wconf 86' lang='lat' dir='ltr'><strong>et</strong></span> <span class='ocrx_word' id='word_1_191' title='bbox 1920 3323 2316 3394; x_wconf 89' lang='lat' dir='ltr'><strong>indomiti.”</strong></span> <span class='ocrx_word' id='word_1_192' title='bbox 2348 3322 2458 3396; x_wconf 92' lang='lat' dir='ltr'><strong>At</strong></span> <span class='ocrx_word' id='word_1_193' title='bbox 2478 3334 2606 3396; x_wconf 90' lang='lat' dir='ltr'><strong>tua</strong></span> <span class='ocrx_word' id='word_1_194' title='bbox 2617 3324 2998 3396; x_wconf 88' lang='lat' dir='ltr'><strong>Britannia</strong></span> <span class='ocrx_word' id='word_1_195' title='bbox 3019 3329 3272 3408; x_wconf 88' lang='lat' dir='ltr'><strong>lacera,</strong></span> <span class='ocrx_word' id='word_1_196' title='bbox 3291 3325 3592 3408; x_wconf 86' lang='lat' dir='ltr'><strong>Pitsaee,</strong></span> <span class='ocrx_word' id='word_1_197' title='bbox 3605 3335 3677 3397; x_wconf 91' lang='lat' dir='ltr'><strong>et</strong></span> <span class='ocrx_word' id='word_1_198' title='bbox 3702 3327 3826 3396; x_wconf 90' lang='lat' dir='ltr'><strong>do·</strong></span> 
     </span>
     <span class='ocr_line' id='line_1_23' title="bbox 1030 3438 3824 3534; baseline 0.001 -22"><span class='ocrx_word' id='word_1_199' title='bbox 1030 3445 1241 3526; x_wconf 83' lang='lat' dir='ltr'><strong>mita3</strong></span> <span class='ocrx_word' id='word_1_200' title='bbox 1280 3443 1403 3512; x_wconf 90' lang='lat' dir='ltr'><strong>sed</strong></span> <span class='ocrx_word' id='word_1_201' title='bbox 1426 3441 1603 3512; x_wconf 86' lang='lat' dir='ltr'><strong>haec</strong></span> <span class='ocrx_word' id='word_1_202' title='bbox 1628 3441 1797 3512; x_wconf 91' lang='lat' dir='ltr'><strong>audi</strong></span> <span class='ocrx_word' id='word_1_203' title='bbox 1824 3439 1915 3510; x_wconf 89' lang='lat' dir='ltr'><strong>ab</strong></span> <span class='ocrx_word' id='word_1_204' title='bbox 1940 3441 2185 3510; x_wconf 89' lang='lat' dir='ltr'><strong>eodem</strong></span> <span class='ocrx_word' id='word_1_205' title='bbox 2213 3439 2372 3532; x_wconf 90' lang='lat' dir='ltr'><strong>ipso</strong></span> <span class='ocrx_word' id='word_1_206' title='bbox 2397 3438 2662 3512; x_wconf 86' lang='lat' dir='ltr'><strong>Galdo:</strong></span> <span class='ocrx_word' id='word_1_207' title='bbox 2691 3440 3229 3512; x_wconf 83' lang='lat' dir='ltr'><strong>“ostendamus</strong></span> <span class='ocrx_word' id='word_1_208' title='bbox 3251 3465 3430 3534; x_wconf 87' lang='lat' dir='ltr'><strong>quos</strong></span> <span class='ocrx_word' id='word_1_209' title='bbox 3457 3442 3594 3513; x_wconf 88' lang='lat' dir='ltr'><strong>sibi</strong></span> <span class='ocrx_word' id='word_1_210' title='bbox 3623 3442 3824 3514; x_wconf 87' lang='lat' dir='ltr'><strong>Cale·</strong></span> 
     </span>
     <span class='ocr_line' id='line_1_24' title="bbox 1030 3553 3824 3653; baseline 0 -27"><span class='ocrx_word' id='word_1_211' title='bbox 1030 3558 1247 3628; x_wconf 90' lang='lat' dir='ltr'><strong>donia</strong></span> <span class='ocrx_word' id='word_1_212' title='bbox 1273 3557 1467 3630; x_wconf 87' lang='lat' dir='ltr'><strong>viros</strong></span> <span class='ocrx_word' id='word_1_213' title='bbox 1492 3556 1954 3649; x_wconf 74' lang='lat' dir='ltr'><strong>seposuerit-&#39;⁹</strong></span> <span class='ocrx_word' id='word_1_214' title='bbox 2036 3553 2228 3626; x_wconf 85' lang='lat' dir='ltr'><strong>Vere</strong></span> <span class='ocrx_word' id='word_1_215' title='bbox 2253 3556 2346 3627; x_wconf 91' lang='lat' dir='ltr'><strong>ad</strong></span> <span class='ocrx_word' id='word_1_216' title='bbox 2371 3577 2548 3636; x_wconf 89' lang='lat' dir='ltr'><strong>rem,</strong></span> <span class='ocrx_word' id='word_1_217' title='bbox 2573 3557 2740 3626; x_wconf 89' lang='lat' dir='ltr'><strong>licet</strong></span> <span class='ocrx_word' id='word_1_218' title='bbox 2775 3556 2995 3627; x_wconf 82' lang='lat' dir='ltr'><strong>verbo</strong></span> <span class='ocrx_word' id='word_1_219' title='bbox 3021 3559 3576 3629; x_wconf 85' lang='lat' dir='ltr'><strong>contumeliosus</strong></span> <span class='ocrx_word' id='word_1_220' title='bbox 3603 3557 3824 3653; x_wconf 87' lang='lat' dir='ltr'><strong>Agri-</strong></span> 
     </span>
     <span class='ocr_line' id='line_1_25' title="bbox 1032 3669 3824 3764; baseline 0.001 -20"><span class='ocrx_word' id='word_1_221' title='bbox 1032 3678 1207 3755; x_wconf 90' lang='lat' dir='ltr'><strong>cola,</strong></span> <span class='ocrx_word' id='word_1_222' title='bbox 1234 3675 1351 3744; x_wconf 92' lang='lat' dir='ltr'><strong>cui</strong></span> <span class='ocrx_word' id='word_1_223' title='bbox 1373 3673 1727 3756; x_wconf 86' lang='lat' dir='ltr'><strong>Pitsaeus,</strong></span> <span class='ocrx_word' id='word_1_224' title='bbox 1748 3683 1834 3743; x_wconf 88' lang='lat' dir='ltr'><strong>ut</strong></span> <span class='ocrx_word' id='word_1_225' title='bbox 1850 3680 2053 3764; x_wconf 87' lang='lat' dir='ltr'><strong>puto,</strong></span> <span class='ocrx_word' id='word_1_226' title='bbox 2076 3671 2289 3741; x_wconf 90' lang='lat' dir='ltr'><strong>fidem</strong></span> <span class='ocrx_word' id='word_1_227' title='bbox 2308 3670 2634 3743; x_wconf 84' lang='lat' dir='ltr'><strong>habebit:</strong></span> <span class='ocrx_word' id='word_1_228' title='bbox 2671 3681 2714 3712; x_wconf 82' lang='lat'><strong>‘⁶</strong></span> <span class='ocrx_word' id='word_1_229' title='bbox 2741 3669 2806 3742; x_wconf 91' lang='lat' dir='ltr'><strong>Ii</strong></span> <span class='ocrx_word' id='word_1_230' title='bbox 2829 3683 3272 3743; x_wconf 86' lang='lat' dir='ltr'><strong>caeterorum</strong></span> <span class='ocrx_word' id='word_1_231' title='bbox 3300 3673 3824 3746; x_wconf 83' lang='lat' dir='ltr'><strong>Britannorum</strong></span> 
     </span>
     <span class='ocr_line' id='line_1_26' title="bbox 1031 3786 3824 3884; baseline 0.001 -27"><span class='ocrx_word' id='word_1_232' title='bbox 1031 3789 1497 3884; x_wconf 89' lang='lat' dir='ltr'><strong>fugacissimi,</strong></span> <span class='ocrx_word' id='word_1_233' title='bbox 1532 3788 1833 3881; x_wconf 89' lang='lat' dir='ltr'><strong>ideoque</strong></span> <span class='ocrx_word' id='word_1_234' title='bbox 1868 3797 2017 3858; x_wconf 90' lang='lat' dir='ltr'><strong>tam</strong></span> <span class='ocrx_word' id='word_1_235' title='bbox 2045 3786 2173 3856; x_wconf 90' lang='lat' dir='ltr'><strong>diu</strong></span> <span class='ocrx_word' id='word_1_236' title='bbox 2197 3787 2684 3877; x_wconf 88' lang='lat' dir='ltr'><strong>superstites.”</strong></span> <span class='ocrx_word' id='word_1_237' title='bbox 2736 3787 2965 3858; x_wconf 89' lang='lat' dir='ltr'><strong>Paulo</strong></span> <span class='ocrx_word' id='word_1_238' title='bbox 2989 3798 3150 3878; x_wconf 89' lang='lat' dir='ltr'><strong>post</strong></span> <span class='ocrx_word' id='word_1_239' title='bbox 3175 3789 3362 3860; x_wconf 90' lang='lat' dir='ltr'><strong>idem</strong></span> <span class='ocrx_word' id='word_1_240' title='bbox 3389 3788 3578 3860; x_wconf 83' lang='lat' dir='ltr'><strong>dux:</strong></span> <span class='ocrx_word' id='word_1_241' title='bbox 3615 3800 3657 3831; x_wconf 90' lang='lat'>“</span> <span class='ocrx_word' id='word_1_242' title='bbox 3681 3788 3824 3860; x_wconf 87' lang='lat' dir='ltr'><strong>Im·</strong></span> 
     </span>
     <span class='ocr_line' id='line_1_27' title="bbox 1032 3899 3818 3998; baseline -0.001 -22"><span class='ocrx_word' id='word_1_243' title='bbox 1032 3907 1275 3996; x_wconf 90' lang='lat' dir='ltr'><strong>ponite</strong></span> <span class='ocrx_word' id='word_1_244' title='bbox 1299 3903 1829 3998; x_wconf 83' lang='lat' dir='ltr'><strong>quinquaginta</strong></span> <span class='ocrx_word' id='word_1_245' title='bbox 1852 3903 2061 3975; x_wconf 90' lang='lat' dir='ltr'><strong>annis</strong></span> <span class='ocrx_word' id='word_1_246' title='bbox 2082 3923 2428 3995; x_wconf 88' lang='lat' dir='ltr'><strong>magnum</strong></span> <span class='ocrx_word' id='word_1_247' title='bbox 2453 3902 2706 3976; x_wconf 87' lang='lat' dir='ltr'><strong>diem.&#39;’</strong></span> <span class='ocrx_word' id='word_1_248' title='bbox 2761 3899 2964 3996; x_wconf 89' lang='lat' dir='ltr'><strong>Ergo</strong></span> <span class='ocrx_word' id='word_1_249' title='bbox 2988 3905 3121 3986; x_wconf 89' lang='lat' dir='ltr'><strong>tui,</strong></span> <span class='ocrx_word' id='word_1_250' title='bbox 3149 3905 3457 3988; x_wconf 87' lang='lat' dir='ltr'><strong>Pitsaee,</strong></span> <span class='ocrx_word' id='word_1_251' title='bbox 3483 3904 3818 3976; x_wconf 88' lang='lat' dir='ltr'><strong>Britanni</strong></span> 
     </span>
     <span class='ocr_line' id='line_1_28' title="bbox 1036 4016 3822 4114; baseline 0.001 -26"><span class='ocrx_word' id='word_1_252' title='bbox 1036 4039 1110 4088; x_wconf 84' lang='lat'><strong>1..</strong></span> <span class='ocrx_word' id='word_1_253' title='bbox 1147 4021 1357 4088; x_wconf 89' lang='lat' dir='ltr'><strong>annis</strong></span> <span class='ocrx_word' id='word_1_254' title='bbox 1388 4020 1759 4091; x_wconf 86' lang='lat' dir='ltr'><strong>servitutis</strong></span> <span class='ocrx_word' id='word_1_255' title='bbox 1784 4019 2049 4114; x_wconf 88' lang='lat' dir='ltr'><strong>jugum</strong></span> <span class='ocrx_word' id='word_1_256' title='bbox 2085 4018 2423 4098; x_wconf 90' lang='lat' dir='ltr'><strong>tulerant,</strong></span> <span class='ocrx_word' id='word_1_257' title='bbox 2459 4016 2826 4089; x_wconf 83' lang='lat' dir='ltr'><strong>Caledonii</strong></span> <span class='ocrx_word' id='word_1_258' title='bbox 2863 4041 3026 4090; x_wconf 89' lang='lat' dir='ltr'><strong>cum</strong></span> <span class='ocrx_word' id='word_1_259' title='bbox 3062 4017 3293 4091; x_wconf 88' lang='lat' dir='ltr'><strong>Galdo</strong></span> <span class='ocrx_word' id='word_1_260' title='bbox 3327 4021 3605 4092; x_wconf 88' lang='lat' dir='ltr'><strong>intacti.</strong></span> <span class='ocrx_word' id='word_1_261' title='bbox 3683 4021 3822 4092; x_wconf 89' lang='lat' dir='ltr'><strong>Sed</strong></span> 
     </span>
     <span class='ocr_line' id='line_1_29' title="bbox 1034 4131 3822 4229; baseline 0.001 -23"><span class='ocrx_word' id='word_1_262' title='bbox 1034 4137 1206 4228; x_wconf 91' lang='lat' dir='ltr'><strong>quia</strong></span> <span class='ocrx_word' id='word_1_263' title='bbox 1240 4147 1322 4207; x_wconf 92' lang='lat' dir='ltr'><strong>tu</strong></span> <span class='ocrx_word' id='word_1_264' title='bbox 1358 4159 1486 4207; x_wconf 92' lang='lat' dir='ltr'><strong>nec</strong></span> <span class='ocrx_word' id='word_1_265' title='bbox 1518 4137 1732 4206; x_wconf 88' lang='lat' dir='ltr'><strong>militi</strong></span> <span class='ocrx_word' id='word_1_266' title='bbox 1784 4135 2138 4217; x_wconf 89' lang='lat' dir='ltr'><strong>Romano,</strong></span> <span class='ocrx_word' id='word_1_267' title='bbox 2186 4155 2320 4204; x_wconf 86' lang='lat' dir='ltr'><strong>nec</strong></span> <span class='ocrx_word' id='word_1_268' title='bbox 2366 4131 2750 4228; x_wconf 86' lang='lat' dir='ltr'><strong>Agricolae</strong></span> <span class='ocrx_word' id='word_1_269' title='bbox 2798 4133 3178 4225; x_wconf 82' lang='lat' dir='ltr'><strong>praefecto.</strong></span> <span class='ocrx_word' id='word_1_270' title='bbox 3225 4157 3356 4207; x_wconf 87' lang='lat' dir='ltr'><strong>nec</strong></span> <span class='ocrx_word' id='word_1_271' title='bbox 3399 4138 3540 4229; x_wconf 89' lang='lat' dir='ltr'><strong>ipsi</strong></span> <span class='ocrx_word' id='word_1_272' title='bbox 3591 4136 3822 4208; x_wconf 88' lang='lat' dir='ltr'><strong>Galdo</strong></span> 
     </span>
     <span class='ocr_line' id='line_1_30' title="bbox 1035 4247 3818 4344; baseline -0 -22"><span class='ocrx_word' id='word_1_273' title='bbox 1035 4253 1489 4333; x_wconf 90' lang='lat' dir='ltr'><strong>credendum,</strong></span> <span class='ocrx_word' id='word_1_274' title='bbox 1504 4249 1809 4334; x_wconf 85' lang='lat' dir='ltr'><strong>Pitsaee,</strong></span> <span class='ocrx_word' id='word_1_275' title='bbox 1826 4249 2220 4333; x_wconf 87' lang='lat' dir='ltr'><strong>existimas,</strong></span> <span class='ocrx_word' id='word_1_276' title='bbox 2240 4248 2452 4320; x_wconf 87' lang='lat' dir='ltr'><strong>fidem</strong></span> <span class='ocrx_word' id='word_1_277' title='bbox 2475 4250 2728 4321; x_wconf 88' lang='lat' dir='ltr'><strong>saltem</strong></span> <span class='ocrx_word' id='word_1_278' title='bbox 2746 4247 3024 4332; x_wconf 88' lang='lat' dir='ltr'><strong>Tacito,</strong></span> <span class='ocrx_word' id='word_1_279' title='bbox 3046 4261 3196 4322; x_wconf 89' lang='lat' dir='ltr'><strong>tam</strong></span> <span class='ocrx_word' id='word_1_280' title='bbox 3210 4253 3442 4322; x_wconf 87' lang='lat' dir='ltr'><strong>veraci</strong></span> <span class='ocrx_word' id='word_1_281' title='bbox 3465 4253 3818 4344; x_wconf 83' lang='lat' dir='ltr'><strong>scriptori,</strong></span> 
     </span>
     <span class='ocr_line' id='line_1_31' title="bbox 1033 4364 3819 4462; baseline 0 -24"><span class='ocrx_word' id='word_1_282' title='bbox 1033 4370 1590 4460; x_wconf 89' lang='lat' dir='ltr'><strong>haudquaquam</strong></span> <span class='ocrx_word' id='word_1_283' title='bbox 1624 4365 2044 4460; x_wconf 82' lang='lat' dir='ltr'><strong>abrogabis:</strong></span> <span class='ocrx_word' id='word_1_284' title='bbox 2100 4375 2144 4408; x_wconf 82' lang='lat'><strong>‘⁶</strong></span> <span class='ocrx_word' id='word_1_285' title='bbox 2178 4364 2370 4448; x_wconf 85' lang='lat' dir='ltr'><strong>Quia</strong></span> <span class='ocrx_word' id='word_1_286' title='bbox 2401 4375 2652 4436; x_wconf 86' lang='lat' dir='ltr'><strong>exacta</strong></span> <span class='ocrx_word' id='word_1_287' title='bbox 2681 4373 2950 4436; x_wconf 85' lang='lat' dir='ltr'><strong>aestate</strong></span> <span class='ocrx_word' id='word_1_288' title='bbox 2987 4365 3248 4438; x_wconf 85' lang='lat' dir='ltr'><strong>bellum</strong></span> <span class='ocrx_word' id='word_1_289' title='bbox 3283 4369 3523 4462; x_wconf 90' lang='lat' dir='ltr'><strong>spargi</strong></span> <span class='ocrx_word' id='word_1_290' title='bbox 3574 4371 3819 4460; x_wconf 91' lang='lat' dir='ltr'><strong>nequi-</strong></span> 
     </span>
     <span class='ocr_line' id='line_1_32' title="bbox 1035 4479 3821 4567; baseline -0.001 -12"><span class='ocrx_word' id='word_1_291' title='bbox 1035 4486 1181 4567; x_wconf 90' lang='lat' dir='ltr'><strong>bat,</strong></span> <span class='ocrx_word' id='word_1_292' title='bbox 1228 4485 1305 4554; x_wconf 92' lang='lat' dir='ltr'><strong>in</strong></span> <span class='ocrx_word' id='word_1_293' title='bbox 1343 4481 1819 4554; x_wconf 89' lang='lat' dir='ltr'><strong>Horestorum</strong></span> <span class='ocrx_word' id='word_1_294' title='bbox 1854 4479 2031 4551; x_wconf 88' lang='lat' dir='ltr'><strong>fines</strong></span> <span class='ocrx_word' id='word_1_295' title='bbox 2065 4479 2334 4554; x_wconf 89' lang='lat' dir='ltr'><strong>ducit.”</strong></span> <span class='ocrx_word' id='word_1_296' title='bbox 2435 4479 2578 4552; x_wconf 93' lang='lat' dir='ltr'><strong>Ubi</strong></span> <span class='ocrx_word' id='word_1_297' title='bbox 2631 4481 2798 4551; x_wconf 84' lang='lat' dir='ltr'><strong>illi?</strong></span> <span class='ocrx_word' id='word_1_298' title='bbox 2899 4482 3092 4554; x_wconf 89' lang='lat' dir='ltr'><strong>Scoti</strong></span> <span class='ocrx_word' id='word_1_299' title='bbox 3143 4493 3218 4555; x_wconf 90' lang='lat' dir='ltr'><strong>te</strong></span> <span class='ocrx_word' id='word_1_300' title='bbox 3267 4484 3622 4556; x_wconf 89' lang='lat' dir='ltr'><strong>docebunt</strong></span> <span class='ocrx_word' id='word_1_301' title='bbox 3671 4507 3821 4556; x_wconf 86' lang='lat' dir='ltr'><strong>esse</strong></span> 
     </span>
     <span class='ocr_line' id='line_1_33' title="bbox 1036 4595 3812 4692; baseline 0 -22"><span class='ocrx_word' id='word_1_302' title='bbox 1036 4599 1397 4670; x_wconf 85' lang='lat' dir='ltr'><strong>Marniam</strong></span> <span class='ocrx_word' id='word_1_303' title='bbox 1420 4606 1495 4670; x_wconf 93' lang='lat' dir='ltr'><strong>et</strong></span> <span class='ocrx_word' id='word_1_304' title='bbox 1510 4595 1944 4692; x_wconf 88' lang='lat' dir='ltr'><strong>Angusiam.</strong></span> <span class='ocrx_word' id='word_1_305' title='bbox 2040 4596 2161 4668; x_wconf 81' lang='lat' dir='ltr'><strong>Ex</strong></span> <span class='ocrx_word' id='word_1_306' title='bbox 2184 4598 2298 4668; x_wconf 88' lang='lat' dir='ltr'><strong>his</strong></span> <span class='ocrx_word' id='word_1_307' title='bbox 2323 4597 2648 4689; x_wconf 89' lang='lat' dir='ltr'><strong>pauculis</strong></span> <span class='ocrx_word' id='word_1_308' title='bbox 2673 4595 2846 4668; x_wconf 87' lang='lat' dir='ltr'><strong>fides</strong></span> <span class='ocrx_word' id='word_1_309' title='bbox 2872 4597 3278 4692; x_wconf 89' lang='lat' dir='ltr'><strong>Anglorum</strong></span> <span class='ocrx_word' id='word_1_310' title='bbox 3305 4601 3812 4671; x_wconf 89' lang='lat' dir='ltr'><strong>hodiernorum</strong></span> 
     </span>
     <span class='ocr_line' id='line_1_34' title="bbox 1040 4711 3769 4808; baseline 0 -22"><span class='ocrx_word' id='word_1_311' title='bbox 1040 4719 1117 4786; x_wconf 88' lang='lat' dir='ltr'><strong>in</strong></span> <span class='ocrx_word' id='word_1_312' title='bbox 1151 4728 1397 4808; x_wconf 88' lang='lat' dir='ltr'><strong>aperto</strong></span> <span class='ocrx_word' id='word_1_313' title='bbox 1428 4724 1563 4800; x_wconf 88' lang='lat' dir='ltr'><strong>est,</strong></span> <span class='ocrx_word' id='word_1_314' title='bbox 1596 4736 1727 4785; x_wconf 89' lang='lat' dir='ltr'><strong>nec</strong></span> <span class='ocrx_word' id='word_1_315' title='bbox 1758 4711 2037 4784; x_wconf 83' lang='lat' dir='ltr'><strong>Scotiae</strong></span> <span class='ocrx_word' id='word_1_316' title='bbox 2070 4735 2216 4784; x_wconf 90' lang='lat' dir='ltr'><strong>non</strong></span> <span class='ocrx_word' id='word_1_317' title='bbox 2247 4735 2462 4786; x_wconf 86' lang='lat' dir='ltr'><strong>suum</strong></span> <span class='ocrx_word' id='word_1_318' title='bbox 2497 4713 2710 4784; x_wconf 88' lang='lat' dir='ltr'><strong>decus</strong></span> <span class='ocrx_word' id='word_1_319' title='bbox 2745 4725 3052 4784; x_wconf 82' lang='lat' dir='ltr'><strong>constat.</strong></span> <span class='ocrx_word' id='word_1_320' title='bbox 3153 4713 3459 4808; x_wconf 88' lang='lat' dir='ltr'><strong>Scripsit</strong></span> <span class='ocrx_word' id='word_1_321' title='bbox 3496 4713 3769 4786; x_wconf 89' lang='lat' dir='ltr'><strong>Galdus</strong></span> 
     </span>
     <span class='ocr_line' id='line_1_35' title="bbox 1331 4828 3141 4905; baseline -0.003 -2"><span class='ocrx_word' id='word_1_322' title='bbox 1331 4830 1725 4905; x_wconf 88' lang='lat' dir='ltr'><strong>Conciones</strong></span> <span class='ocrx_word' id='word_1_323' title='bbox 1760 4829 2106 4902; x_wconf 87' lang='lat' dir='ltr'><strong>militares</strong></span> <span class='ocrx_word' id='word_1_324' title='bbox 2506 4828 2629 4901; x_wconf 92' lang='lat' dir='ltr'><strong>lib.</strong></span> <span class='ocrx_word' id='word_1_325' title='bbox 2669 4848 2719 4900; x_wconf 92' lang='lat'><strong>1.</strong></span> <span class='ocrx_word' id='word_1_326' title='bbox 2824 4829 2890 4898; x_wconf 91' lang='lat' dir='ltr'><strong>T</strong></span> <span class='ocrx_word' id='word_1_327' title='bbox 2893 4830 3141 4900; x_wconf 76' lang='lat' dir='ltr'><strong>acituS.</strong></span> 
     </span>
    </p>
   </div>
  </div>
 </body>
</html>
