4384 5817
1052 585 1187 654 8⁰4
1734 648 1741 660 .
1820 585 2296 660 HISTORIA
2337 587 3094 662 EchESIAsTICA

1044 797 1213 854 ‚mes
1246 777 1321 852 S.
1356 777 1679 872 Eloquii,
1722 796 1887 857 cum
1918 801 2005 856 eo
2036 781 2248 865 vixit,
2279 789 2358 854 et
2381 801 2554 856 cum
2593 807 2682 858 eo
2728 783 3134 878 praemium
3182 771 3452 858 laboris
3499 793 3871 862 aeternam

1064 895 1479 970 felicitatem
1537 898 1863 970 sortitus.
1970 897 2312 972 Molanus
2361 899 2442 972 in
2489 898 2568 970 N
2567 899 2905 984 atalibus,
2961 910 3039 973 et
3097 921 3191 972 ex
3237 922 3326 974 eo
3373 899 3694 978 Ghinius
3745 921 3869 978 111.

1062 1009 1401 1088 Deoemb.
1434 1035 1603 1110 pag.
1638 1031 1873 1088 xclx.
1926 1023 1975 1058 ‘⁸
2005 1013 2365 1110 Eloquius
2398 1017 2492 1089 ad
2525 1014 2928 1088 Galliarum
2959 1017 3210 1090 littora
3243 1017 3450 1090 venit
3491 1041 3660 1092 cum
3705 1043 3871 1096 san-

1062 1128 1197 1201 ctis
1231 1128 1573 1216 Fursaeo,
1608 1130 1961 1216 Foillano,
1996 1131 2291 1217 Ultano,
2325 1133 2656 1216 Boethio,
2685 1131 3079 1217 Mombolo,
3105 1129 3486 1229 Adalgiso,
3515 1133 3868 1222 Hottone,

1054 1244 1373 1333 Helano.
1408 1247 1755 1334 Tresano,
1764 1246 2175 1334 Germano,
2213 1249 2528 1335 Verane,
2577 1257 2653 1322 et
2683 1248 3184 1335 Columbae,
3157 1245 3232 1290 ·”
3277 1249 3538 1322 deinde
3571 1273 3704 1344 per
3737 1251 3868 1325 Sa-

1060 1365 1357 1438 xoniam
1430 1373 1505 1438 et
1578 1363 1890 1438 Galliam
1955 1369 2224 1438 multas
2283 1365 2442 1438 Deo
2497 1367 2776 1438 animae
2834 1365 3119 1450 lucrati,
3177 1366 3604 1440 coenobium
3663 1367 3869 1441 Lati·

1059 1479 1349 1554 niacum
1394 1481 1887 1560 condiderunt.
1989 1481 2064 1553 N
2066 1505 2145 1554 ec
2188 1481 2278 1556 de
2321 1481 2686 1554 Germano
2734 1483 3034 1576 exploro
3081 1483 3420 1576 amplius.
3471 1491 3548 1556 et
3595 1485 3872 1581 conjec-

1059 1606 1231 1671 tura
1268 1608 1380 1672 est
1420 1600 1663 1692 ipsum
1712 1608 1877 1691 post
1924 1599 2450 1672 sanctissimam
2495 1599 3150 1695 peregrinationem
3197 1599 3496 1676 domum
3545 1602 3866 1689 rediisse,

1056 1713 1303 1809 ibique
1359 1717 1755 1812 migrasse,
1827 1737 1997 1787 nam
2056 1715 2337 1788 duobus
2395 1719 2664 1790 sanetis
2726 1715 3112 1790 Germanis
3179 1715 3436 1802 Sentis,
3490 1718 3864 1811 oppidum,

1056 1832 1370 1916 ecclesia,
1404 1833 1922 1905 monasterium
1946 1832 2035 1914 in
2068 1831 2310 1906 Sootia
2339 1853 2488 1906 non
2521 1835 2738 1930 longe
2769 1833 3252 1930 Edimburgo,
3297 1855 3448 1906 uno
3491 1834 3788 1906 milliari
3820 1860 3867 1907 a

1058 1945 1373 2032 Somnia,
1426 1949 1803 2020 dicantur·
1782 1999 1809 2040 ,
1864 1948 2037 2020 huic
2094 1948 2387 2033 scilicet,
2447 1960 2521 2024 et
2583 1973 2992 2044 synonymo
3045 1947 3362 2022 Gibirini
3419 1949 3678 2022 fratri:
3749 1950 3870 2024 hic

1052 2065 1301 2160 imago
1330 2063 1663 2162 Virginis
1712 2065 2069 2159 Deiparae
2118 2065 2576 2142 Lauretame
2620 2077 2700 2140 et
2748 2065 3234 2140 Befflemitae
3273 2065 3554 2140 dudem
3601 2065 3868 2162 Angli·

1058 2203 1218 2255 eam
1250 2181 1487 2256 adhuc
1518 2183 1769 2276 spirat.

1154 2297 1441 2374 OEaruit
1469 2319 1665 2374 anno
1693 2315 1913 2372 com.
2008 2298 2302 2372 Colitur
2335 2315 2452 2372 1x.
2485 2299 2538 2372 J
2537 2301 2694 2374 ulu

1908 2531 1987 2606 S.
2038 2530 2724 2608 GAILBALDUS.
2829 2527 3004 2606 ⁵64.

1052 2768 1131 2842 S.
1178 2767 1731 2848 GAILBALDUS
1776 2789 1905 2842 seu
1952 2765 2446 2840 Gowihaldus.
2545 2765 2806 2840 Amol.
2858 2763 3110 2838 Uvion
3149 2765 3275 2840 lib.
3313 2777 3403 2838 11.
3449 2763 3614 2861 Lig.
3648 2762 3866 2846 Vitae

1058 2908 1215 2979 cap.
1253 2904 1399 2959 ιιι.
1454 2897 1500 2931 “
1534 2885 1960 2970 Monachus,
2015 2893 2089 2957 et
2138 2887 2536 2978 discipulus
2589 2883 2662 2956 S.
2715 2881 3100 2967 Bonifacii,
3151 2881 3500 2978 martyris
3549 2879 3862 2978 Meg-un-

1053 3003 1218 3089 tini,
1262 3011 1335 3076 et
1374 3001 1921 3079 Ratisbonensis
1961 3001 2242 3094 primus
2289 3001 2690 3094 episcopus.
2739 3001 3012 3083 doctor,
3063 3009 3140 3073 et
3185 2999 3642 3093 praedicator
3691 2999 3862 3070 insi-

1052 3120 1243 3216 gnis,
1285 3129 1437 3192 tam
1490 3119 1867 3192 honestate
1910 3139 2199 3192 morum
2243 3139 2464 3212 quam
2509 3118 2808 3189 scientia
2855 3117 3382 3208 scriptum
3429 3115 3860 3208 praeclarum

1054 3237 1149 3310 ad
1178 3235 1561 3310 Christian
1590 3238 1863 3308 multos
1894 3259 2033 3308 sua
2060 3233 2595 3330 praedicatione
2627 3232 3051 3306 convertit.”
3152 3232 3274 3305 Ita
3305 3231 3550 3306 Trith.
3583 3231 3712 3302 lib.
3745 3247 3860 3302 xv,

1052 3351 1214 3427 Vir.
1248 3353 1477 3426 illust.
1502 3353 1759 3426 Ordin.
1794 3351 1873 3426 S.
1908 3352 2286 3426 Benedicti
2317 3373 2478 3445 cap.
2511 3368 2762 3424 ccxx.
2829 3348 3066 3423 Addit
3095 3347 3149 3420 J
3149 3371 3418 3423 oannes
3451 3347 3858 3429 Fordunus,

1050 3489 1147 3544 ex
1194 3477 1246 3515 “
1278 3469 1619 3544 coenobio
1660 3469 2121 3542 Mailrosensi
2162 3491 2334 3540 eum
2377 3491 2424 3540 a
2467 3466 2848 3540 Bonifacio
2897 3473 3278 3540 evocatum
3323 3464 3738 3538 incubuisse
3785 3462 3862 3536 in

1052 3588 1405 3686 evangelii
1442 3584 2085 3661 enunciationem?
2184 3582 2488 3678 Scripsit

1350 3707 1467 3780 De
1495 3703 2037 3778 Constitutione
2070 3723 2244 3774 suae
2273 3699 2640 3774 Ecclesiae
3039 3697 3164 3772 lib.
3205 3717 3258 3770 1.

1344 3823 1719 3916 Epistulas
1750 3819 1847 3892 ad
1876 3817 2339 3892 Bonifacium
2371 3819 2804 3914 magistrum
3039 3816 3164 3888 lib.
3203 3833 3256 3886 1.

1346 3939 1709 4012 Homilins
3037 3933 3164 4006 lib.
3191 3949 3258 4002 ›1.

1144 4059 1437 4132 Floruit
1464 4075 1657 4130 anno
1688 4066 2121 4128 nchxxx.

1960 4287 2037 4360 s,
2090 4281 2662 4359 GoBBANus
2765 4279 2936 4357 565.
3077 4229 3082 4236 ’

1048 4537 1093 4571 “
1125 4525 1201 4600 S.
1237 4526 1695 4610 FunsAEUS,
1738 4523 2031 4616 cupiens
2062 4543 2141 4596 se
2174 4520 2267 4595 ab
2297 4517 2632 4594 omnibus
2667 4515 2887 4590 seculi
2919 4513 3164 4610 hujus,
3199 4522 3273 4587 et
3303 4511 3534 4606 ipsius
3567 4533 3854 4606 quoque

1046 4647 1466 4720 monasterii
1501 4642 1811 4739 negotiis
1846 4641 2179 4723 alienare,
2228 4637 2524 4728 reliquit
2565 4631 2989 4706 monasterii
3023 4641 3098 4704 et
3145 4629 3552 4704 animarum
3603 4651 3852 4702 curam

1042 4761 1257 4836 fiatri
1280 4783 1417 4836 suo
1440 4761 1780 4841 Faunae,
1808 4764 1883 4832 et
1914 4753 2355 4850 presbyteris
2389 4751 2740 4826 Gobbano
2768 4760 2847 4824 et
2877 4747 3188 4837 Dicullo.
3221 4757 3296 4822 et
3319 4749 3476 4840 ipse
3507 4749 3600 4821 ab
3622 4745 3852 4828 onni-

1038 4881 1177 4954 bus
1208 4879 1465 4954 munli
1496 4876 1717 4950 rebus
1746 4875 1931 4950 liber
1962 4874 2043 4948 in
2084 4871 2584 4946 anachoretica
2623 4865 3170 4944 conversatione
3201 4867 3430 4944 vitam
3467 4863 3676 4939 finire·
3705 4863 3861 4940 dis-.
