4384 5817
1344 531 1701 603 GENTIS
1746 529 2306 613 scoTORUM,
2353 530 2537 601 LIB.
2581 530 2638 599 1.
3297 532 3386 599 88
3528 578 3540 591 .

788 790 793 797 .
987 720 1365 818 tychianos
1397 724 1783 807 collectam,
2271 722 2398 795 lib.
2435 739 2491 793 1.

680 839 893 914 Obiit
922 838 1283 913 confessor
1305 860 1495 913 anno
1519 856 1868 911 cnnvm.
1896 860 2085 913 anno
2107 834 2185 908 S.
2210 834 2477 909 Leonis
2503 833 2564 909 1.
2601 852 2783 907 mx.
2809 842 3156 931 regnante
3187 838 3382 927 apud

584 954 837 1029 Scotos
869 952 1203 1051 Eugenio
1235 952 1337 1025 11.
1385 952 1811 1027 Translatae
1843 952 2125 1027 Salinas
2166 951 2510 1045 reliquiae
2553 952 2842 1025 sedente
2886 948 3130 1025 Leone
3161 947 3376 1025 VIII.

584 1078 936 1167 mgname
966 1069 1047 1141 in
1078 1068 1319 1143 Scotia
1353 1068 1739 1163 Indulpho.

1652 1413 2090 1489 ALANUS.
2192 1420 2314 1489 44.

578 1649 953 1737 Anni-1158,
1003 1651 1375 1745 episcopus
1418 1646 1909 1735 Cathenesiae,
1956 1647 2238 1721 Scotiae
2282 1649 2744 1721 cancellarius
2795 1648 2888 1721 ab
2932 1646 3278 1722 Eduardo
3311 1648 3371 1721 Ῑ.

578 1762 893 1863 Angliae
922 1788 1093 1862 rege
1126 1764 1497 1860 tyrannice
1539 1764 1889 1847 intrusus,
1934 1762 2127 1837 facta
2174 1765 2516 1838 electione
2559 1786 2691 1857 per
2730 1764 2782 1836 J
2782 1786 3086 1837 oannem
3131 1763 3378 1857 Cumi-

576 1902 756 1955 num
788 1890 865 1953 et
893 1879 945 1952 J
943 1880 1245 1955 acobum
1277 1881 1676 1963 Stuartum,
1708 1879 1839 1973 qui
1872 1879 2089 1953 nimis
2121 1878 2474 1974 Anglicae
2506 1878 2802 1953 factioni
2835 1880 3126 1953 addicti.
3229 1880 3375 1953 Hic

575 2018 793 2091 porro
822 2018 915 2069 ex
946 1995 1173 2091 Angli
1217 1996 1461 2089 potius
1502 1994 1897 2079 commodo,
1939 2016 2159 2088 quam
2203 1994 2482 2087 patriae
2525 2017 2768 2067 amore
2810 2003 2940 2067 aut
2982 1996 3254 2067 honore
3295 2016 3374 2069 se

574 2113 801 2207 gessit
830 2111 911 2185 in
942 2110 1175 2195 initio,
1206 2119 1456 2204 postea
1488 2120 1729 2183 tamen
1763 2110 2085 2203 resipuit,
2122 2117 2198 2183 et
2221 2111 2314 2182 ad
2340 2112 2707 2185 meliorem
2731 2119 3044 2183 mentem
3068 2110 3372 2195 rediens,

574 2225 955 2301 Stuartum
998 2250 1043 2299 a
1085 2224 1395 2299 factione
1438 2224 1845 2321 Anglicana
1887 2226 2212 2310 retraxit,
2257 2234 2334 2300 et
2375 2225 2580 2321 regni
2625 2226 2840 2297 decus
2886 2225 3062 2297 totis
3095 2224 3371 2317 viribus

574 2342 1011 2435 procuravit,
1056 2352 1141 2413 ut
1182 2349 1483 2433 apparet
1525 2362 1617 2413 ex
1658 2340 2015 2433 operibus,
2059 2362 2370 2434 quorum
2416 2341 2650 2433 apices
2695 2341 2775 2411 in
2822 2339 3170 2437 catalogo
3201 2339 3372 2413 Dei·

572 2458 765 2529 rensi
800 2465 1210 2551 supersunt,
1246 2465 1343 2539 et„
1376 2465 1463 2527 ut
1493 2456 1849 2540 existimo,
1881 2454 2075 2549 apud
2107 2456 2676 2529 illustrissimum
2708 2456 3042 2528 comitem
3068 2454 3372 2528 Martia·

570 2572 714 2645 lem
745 2573 827 2644 in
858 2571 1287 2647 bibliotheca
1317 2570 1681 2643 Dunotria
1710 2579 1986 2643 extant.

873 2687 1103 2780 Super
1140 2684 1549 2783 Regalitate
1581 2684 1883 2759 Roberti
1904 2683 2157 2759 Brusii
2455 2686 2582 2761 lib.
2621 2705 2679 2759 1.

870 2800 1243 2896 Epistolae
1275 2802 1367 2873 ad
1403 2799 1803 2873 Robertum
1827 2800 1979 2873 Ros
2010 2802 2137 2874 lib.
2166 2818 2220 2873 1.
2258 2802 2403 2875 Hic
2427 2802 2520 2875 ab
2540 2800 2788 2897 Anglo
2809 2803 3088 2896 primus
3113 2804 3366 2877 nobili·

964 2940 1094 2992 um
1133 2916 1417 3001 defecit,
1458 2926 1533 2989 et
1572 2916 2129 3013 Rokesburgum
2168 2918 2406 2990 tenuit
2447 2925 2728 2991 armata
2767 2939 3012 3003 manu,
3056 2916 3368 3015 Anglos-

966 3056 1110 3127 que
1142 3036 1234 3107 ad
1278 3032 1831 3105 internecionem
1876 3031 2163 3117 delevit,
2207 3042 2294 3105 ut
2337 3041 2662 3107 auctores
2705 3043 2881 3106 sunt
2923 3032 3269 3107 Trivetus
3291 3043 3368 3107 et

624 3213 633 3223 .
964 3148 1457 3245 Abingtonus,
1492 3169 1623 3220 nec
1654 3146 2027 3219 Caxtonus
2060 3148 2422 3221 dissentit.

670 3266 975 3339 creatus
1026 3272 1137 3337 est
1184 3264 1645 3337 cancellarius
1696 3280 1848 3337 111.
1898 3260 1950 3335 J
1950 3264 2105 3337 unii
2156 3285 2348 3337 anno
2395 3264 2652 3337 salutis
2703 3280 3048 3337 Mccxcl.
3110 3264 3366 3339 Holin·

416 3488 421 3491 Ι
570 3380 835 3455 shedus
867 3402 1033 3477 pag.
1070 3396 1406 3451 Decem.

1606 3610 2104 3685 AUMINUS.
2208 3614 2326 3683 45.

570 3844 973 3919 Amantes
1006 3844 1343 3931 Keldeus,
1380 3855 1456 3919 et
1488 3843 1921 3917 Keldeorum
1969 3842 2272 3915 ultimus
2317 3841 2787 3936 praepositus.
2889 3840 3078 3915 Sunt
3119 3852 3363 3917 autem

571 3959 848 4045 Keldei,
922 3983 1053 4033 seu
1115 3961 1392 4045 Culdei,
1460 3962 1603 4034 viri
1668 3961 1773 4053 pii
1838 3959 2220 4032 sanctitate
2282 3958 2623 4042 illustres,
2688 3978 2871 4050 quos
2937 3959 3172 4051 patria
3239 3982 3364 4033 vo-

567 4096 645 4145 ce
698 4075 807 4149 sic
863 4075 1226 4159 dixerunt,
1285 4076 1493 4167 quasi
1551 4073 1691 4147 Dei
1750 4076 2081 4157 cultores,
2138 4081 2226 4147 ut
2281 4074 2362 4147 in
2413 4072 2797 4167 Apparatu
2853 4072 3134 4147 Scotico
3187 4099 3356 4174 pag.

570 4205 851 4261 cxmrl.
906 4186 1063 4261 Hos
1114 4188 1392 4274 Graeci,
1442 4198 1529 4261 ut
1576 4189 1933 4275 existimo,
1996 4188 2494 4283 Therapeutas
2553 4200 2924 4263 vocarunt.
2984 4188 3363 4265 Bellarmi-

568 4326 707 4383 nus
738 4302 1117 4375 cardinalis
1154 4326 1245 4375 ex
1277 4302 1605 4377 Philone.
1706 4302 1824 4376 Sic
1856 4303 1931 4376 S.
1962 4302 2254 4377 Marcus
2279 4304 2486 4378 audit
2509 4302 2780 4375 Euseb.
2805 4305 2928 4377 lib.
2960 4322 3048 4379 11.
3083 4328 3144 4377 c.
3183 4324 3358 4381 ΧΠ.

568 4417 941 4492 Sozomen.
993 4418 1116 4491 lib.
1173 4437 1225 4489 1.
1276 4440 1431 4511 cap.
1484 4436 1637 4491 ΧΠ.
1712 4417 2169 4512 Epiphanius
2219 4419 2525 4493 Haeresi
2575 4438 2720 4492 xx.
2793 4420 3180 4493 Cassianus
3230 4423 3357 4495 lib.

572 4549 658 4604 11.
685 4530 940 4605 Collat.
960 4554 1115 4626 cap.
1140 4550 1280 4606 XV.
1354 4533 1557 4606 Beda
1575 4532 1874 4626 praefat.
1901 4535 1993 4606 ad
2020 4534 2373 4608 Marcum.
2443 4534 2706 4608 Petrus
2731 4533 3058 4628 Equilin.
3083 4535 3210 4609 lib.
3239 4553 3356 4610 lx.

568 4670 721 4741 cap.
783 4666 954 4721 011.
1024 4647 1253 4723 Penes
1314 4649 1470 4733 hos,
1530 4648 1623 4723 ab
1679 4648 1889 4721 initio
1945 4658 2268 4743 receptae
2325 4650 2512 4737 fidei,
2569 4651 2808 4725 stabat
2865 4651 3358 4745 episcoporum

1942 4780 1992 4833 F
