4384 5817
1224 608 1589 682 GENTIS
1630 606 2194 693 sco'mmm,
2235 608 2420 679 1:113.
2467 609 2630 679 VH.
3194 610 3348 677 305·

514 800 823 899 poenit?
905 800 1151 878 Verba
1178 812 1355 875 sunt
1386 802 1629 876 Bedae
1658 804 1785 878 lib.
1820 820 1953 877 111.
1982 802 2264 877 Hister.
2300 802 2575 879 Eccles.
2611 801 2922 900 Anglor.
2948 824 3104 895 cap.
3131 820 3314 875 xrx.

520 920 773 1019 Hujus
802 944 977 1007 sane
1022 921 1611 995 commemoratio
1640 920 1727 994 iit
1767 922 1862 995 ab
1908 920 2200 994 ecelesia
2248 921 2662 1008 Peronensi,
2713 921 2842 993 sed
2887 919 3130 993 nescio
3175 942 3324 1014 quo

518 1037 659 1125 die,
692 1062 825 1113 neo
854 1040 1379 1135 martyrologia
1410 1039 1825 1112 meminere.
1927 1037 2330 1131 Scripserat
2359 1038 2482 1111 ille

815 1154 1013 1227 Aota
1040 1154 1350 1227 Fursaei
1382 1154 1719 1249 magistri
2312 1154 2438 1227 lib.
2476 1172 2530 1226 1.

816 1270 1229 1366 Epistolam
1312 1272 1407 1343 ad
1472 1271 1780 1343 eundem
1858 1270 2071 1366 (quae
2138 1270 2462 1345 Peronae
2528 1272 2863 1368 diligenti
2927 1270 3327 1345 veneratio·-

916 1410 1033 1473 ne,
1090 1398 1177 1461 ut
1230 1388 1469 1471 audio,
1528 1388 1953 1475 custoditur,
2006 1398 2081 1461 et
2136 1390 2351 1482 plura
2403 1390 2487 1460 in
2533 1388 2800 1462 tabulis
2849 1388 3168 1485 ejusdem
3218 1408 3328 1459 ec·

916 1504 1200 1601 clesiae)
1246 1516 1257 1525 ·
2318 1506 2448 1579 lib.
2481 1524 2536 1578 1.

619 1619 938 1695 Vivebat
966 1644 1160 1694 anno
1193 1636 1383 1693 non.

1571 1818 1648 1892 S.
1701 1819 2037 1895 GAIUS.
2136 1820 2312 1895 566.

525 1972 601 2045 S.
634 1970 903 2044 GAms
930 1994 981 2043 a
1010 1968 1311 2043 Gadano
1340 1970 1723 2045 Danorum
1754 1992 1945 2069 rege,
1982 1972 2360 2047 Pictorum
2387 1972 2700 2068 injurias
2731 1970 3144 2057 ulciscente,
3169 1991 3334 2043 cum

526 2108 911 2163 numeroso
942 2088 1265 2160 exercitu
1306 2087 1625 2161 Scotiam
1668 2091 2147 2183 depopulante
2195 2088 2290 2163 ob
2339 2088 2506 2160 fidei
2557 2088 3016 2161 Christianae
3063 2087 3336 2180 profes·

526 2208 823 2290 sionem,
861 2226 1027 2275 eum
1060 2204 1141 2275 in
1172 2205 1486 2279 insulam
1518 2202 1797 2277 Maiam
1828 2204 2159 2302 fugisset,
2192 2228 2398 2279 sacro
2428 2208 2588 2278 loco
2617 2206 2912 2277 incenso
2945 2212 3346 2288 extractus..

523 2332 597 2393 et
630 2322 811 2393 diris
840 2342 977 2414 pro
1010 2320 1287 2393 Christi
1332 2342 1551 2393 causa
1578 2320 1831 2413 poenis
1864 2324 2251 2409 «nudatus,
2305 2322 2821 2416 temporariam
2869 2321 3058 2393 hanc
3105 2319 3338 2393 vitam

526 2448 821 2511 aeterna
846 2438 1091 2532 quiete
1123 2438 1593 2529 permutavit,
1625 2438 1863 2510 cultus
1906 2438 2451 2536 religiosissima
2497 2438 3046 2513 deveneratione
3095 2438 3178 2509 in
3225 2437 3338 2511 in-

524 2558 689 2627 s'ula
740 2554 1013 2639 eadem,
1068 2576 1157 2625 ac
1208 2554 1724 2629 miraculorum
1782 2555 2017 2651 gloria
2064 2557 2489 2629 celebratus.
2593 2554 2697 2627 H.
2755 2553 3017 2628 Boeth.
3069 2554 3196 2638 lib.
3251 2572 3336 2625 x.

528 2670 811 2745 Histor.
846 2669 1038 2743 Scot.
1073 2693 1241 2767 pag.
1279 2687 1493 2743 ccvl.
1596 2670 1904 2765 Scripsit

826 2786 1225 2861 Contiones
1594 2788 1721 2860 lib.
1760 2807 1813 2861 1.
1865 2810 2051 2882 quae
2082 2810 2338 2861 everso
2363 2810 2568 2861 sacro
2600 2788 2728 2860 illo
2758 2788 2838 2859 in
2871 2786 3078 2860 Maia
3105 2787 3344 2863 insula

926 2902 1267 2975 coenobio
1299 2903 1391 2975 ab
1432 2903 1811 2977 haereticis
1856 2912 2302 2997 supererant,
2349 2926 2546 2977 nunc
2594 2914 2834 2977 autem
2883 2926 3048 2976 cum
3091 2904 3346 2977 multis

927 3020 1091 3093 aliis
1123 3020 1411 3113 piorum
1457 3020 1916 3116 ingeniorum
1966 3020 2455 3093 monumentis
2503 3019 2712 3093 ferali
2762 3020 3056 3093 Knoxio
3101 3021 3346 3093 incen-

926 3136 1141 3207 dente
1174 3145 1495 3209 exustae.

628 3254 899 3325 Passus
920 3260 1032 3324 est
1050 3274 1241 3323 anno
1264 3268 1776 3324 ncccnxxw.
1811 3250 2001 3325 Vide
2024 3251 2152 3324 lib.
2178 3269 2234 3323 1.
2261 3271 2484 3345 supra
2505 3248 2644 3322 hoc
2667 3272 2881 3343 opere
2899 3252 2978 3323 in
2999 3246 3082 3323 S.
3105 3248 3342 3325 Adri-

532 3389 697 3453 ano,
730 3378 893 3442 erat
922 3368 1118 3444 enim
1150 3368 1217 3439 ei
1250 3390 1489 3443 comes
1521 3368 1883 3462 martyrii.
3211 3387 3218 3399 ·

1426 3566 1505 3641 S.
1560 3564 2107 3641 GLODIANU
2108 3565 2183 3640 S.
2287 3565 2460 3649 567.

532 3718 611 3791 S.
652 3716 1174 3802 GLODIANUQ
1210 3716 1536 3814 ejusdem
1562 3716 2061 3812 professionis,
2111 3716 2352 3815 fugae,
2403 3719 2670 3805 meriti,
2717 3720 3193 3814 martyriique
3233 3742 3346 3793 so-

532 3837 707 3907 cius.
778 3832 967 3907 Vide
991 3834 1119 3906 lib.
1148 3852 1203 3905 1.
1235 3835 1313 3905 in
1338 3830 1691 3906 Adriano
1709 3832 1931 3906 verba
1958 3832 2058 3905 H.
2082 3833 2400 3908 Boethii.
2477 3832 2864 3909 Communi
2889 3837 3106 3911 etiam
3132 3839 3346 3911 devo-

533 3952 729 4023 tione
762 3974 809 4023 a
840 3952 1099 4023 vicinis
1132 3950 1477 4047 gentibus
1516 3950 2135 4045 frequentabatur.
2233 3948 2522 4027 Auctor
2561 3974 2968 4048 anonymus
2997 3954 3090 4025 de
3131 3952 3348 4030 Anti·

534 4067 813 4160 quitate
848 4066 1217 4140 Ecclesiae
1250 4065 1595 4141 Scotieae.
1696 4065 1887 4163 Ejus
1920 4064 2234 4141 refertur
2265 4069 2638 4164 scriptum,

832 4182 1206 4255 Pictorum
1240 4182 1653 4256 chronicon
1852 4184 1978 4257 lib.
2016 4201 2071 4256 1.
2106 4186 2303 4277 quod
2332 4185 2837 4260 Veremundus
2871 4190 3142 4263 laudat.

634 4298 925 4372 Floruit
959 4322 1151 4371 anno
1186 4318 1698 4373 Deccmtxlv.

1416 4532 1492 4607 S.
1548 4531 2200 4607 GUALTERUS.
2303 4532 2476 4607 568.

534 4766 617 4839 S.
705 4744 1251 4853 Gmmsnus
1316 4766 1627 4841 Davidis
1698 4768 1893 4866 regis
1964 4768 2181 4855 filius,
2257 4712 2668 4867 contempto
2743 4774 3180 4868 episcopatu,
3251 4776 3350 4859 Dg.

538 4881 879 4957 Andreae
955 4882 1395 4957 monachum
1478 4883 1787 4972 induit‚·
1839 4892 1915 4959 et
1996 4886 2220 4961 abbas
2301 4886 2766 4966 Meli-osensis
2863 4888 3119 4978 factus,
3219 4890 3348 4967 SS.
