4384 5817
1826 529 2001 615 xvii

521 740 859 829 Italua’?
972 742 1147 829 Hie
1170 740 1533 855 legimus
1556 742 2017 827 certissima
2042 739 2652 843 emendatione,
2687 750 2738 795 “
2759 742 3292 855 Augustinus

518 874 723 959 Afer
776 872 1231 959 haberetur
1277 869 1623 957 Italus-’⁹
1736 872 1832 956 P.
1885 880 2081 955 250.
2124 882 2171 923 ‘⁴
2205 872 2286 955 S.
2325 869 2745 982 Eloquius
2797 901 2904 957 ex
2952 872 3294 959 illorum

518 1016 647 1088 est
680 1028 1055 1087 numero.
1074 1002 1225 1115 qui
1262 1001 1487 1086 inter
1534 1010 1863 1085 sanctos
1912 1003 2236 1101 velam,
2291 999 2878 1115 Martyrologii
2925 1002 3292 1089 Romani

516 1134 689 1217 non
742 1147 865 1217 est
892 1134 1325 1245 'aser-ipim
1372 1128 1753 1215 tabulis.''
1868 1130 2316 1242 EJusmodi
2379 1130 2788 1215 mendum
2848 1159 3022 1217 non
3081 1134 3292 1217 adeo

514 1262 1033 1372 infrequens,
1064 1288 1245 1389 non
1274 1258 1553 1344 solum
1598 1260 1829 1371 apud
1874 1259 2500 1371 Dempsterum‚
2551 1261 2706 1345 sed
2755 1262 3012 1345 etiam
3061 1262 3292 1374 apud

514 1390 719 1476 alios
752 1390 1221 1502 scriptores.
1316 1388 1977 1475 Emendavimus
2014 1400 2410 1489 autem‚“
2433 1390 2660 1477 inter
2690 1402 3038 1475 sanctos
3060 1391 3296 1479 relati

511 1548 795 1605 -non
827 1534 1027 1605 aaut
1056 1518 1467 1632 aem-iptiss’
2574 1587 2582 1597 .

620 1650 865 1733 Tom.
904 1650 987 1733 ii.
1024 1677 1107 1762 p.
1144 1656 1335 1733 351.
1375 1649 1532 1733 “.S
1576 1646 2121 1733 Hermannus
2160 1675 2382 1733 unus
2419 1674 2532 1733 ex
2561 1647 2666 1733 iis
2703 1659 2832 1733 est
2881 1650 3284 1761 patribus,

511 1776 659 1891 qui
682 1776 1029 1890 Pelagii.
1055 1778 1555 1863 insanientis
1590 1778 2023 1863 audaciam
2050 1806 2155 1863 eo
2186 1778 2280 1862 in
2319 1803 2578 1889 regno
2615 1780 3073 1891 repressit?
3162 1779 3290 1861 Si-

512 1906 735 1993 milis
753 1908 1065 1993 iterum
1086 1908 1573 2018 iterumque
1594 1934 1825 1991 error
1850 1938 1873 2003 ς
1898 1907 2047 1991 sed
2068 1908 2696 1993 emendavimus
2715 1922 3290 2020 represserunt.

520 2038 605 2122 P.
626 2038 833 2122 356.
902 2048 947 2089 ‘⁶
986 2036 1333 2150 Scripsit
1393 2034 1845 2147 Dialogum
1906 2035 1999 2121 in
2062 2037 2652 2125 Controversia
2710 2036 2976 2137 Fidei,
3034 2060 3292 2148 quem

520 2166 675 2249 Th.
714 2166 1161 2251 Smetonus
1198 2174 1579 2277 apostata
1614 2165 2143 2277 impugnavit
2186 2178 2478 2250 eontra
2525 2164 3048 2249 Catholicam
3095 2192 3294 2251 cau-

512 2322 707 2397 sam,
742 2294 907 2379 alia
943 2296 1164 2407 patri
1202 2296 1465 2409 Tyrio
1500 2296 1829 2379 edenda
1864 2293 2258 2405 reliquit:
2303 2294 2442 2377 An
2470 2294 2939 2406 prodierint
2965 2294 3284 2405 ignoro.

514 2422 651 2507 lib.
683 2430 790 2508 1.’'
868 2423 1039 2507 Hic
1072 2424 1361 2508 omnia
1384 2424 1671 2507 minus
1700 2436 1927 2508 reete
1952 2434 2159 2507 sunt
2192 2422 2620 2535 disposita.
2697 2422 3004 2509 Procul
3025 2424 3288 2509 dubio

512 2550 985 2663 legendum,
1015 2554 1243 2637 sieut
1272 2566 1376 2637 et
1404 2580 1559 2637 nos
1592 2552 1971 2663 legimus,
2008 2564 2055 2603 ‘⁶
2082 2552 2430 2663 Scripsit
2455 2552 2915 2664 Dialogum.
2949 2554 3040 2637 in
3054 2552 3290 2639 Con-

514 2682 909 2766 troversia
964 2682 1229 2781 Fidei,
1286 2708 1543 2794 quem
1602 2681 1765 2764 Th.
1820 2682 2270 2765 Smetonus
2325 2693 2704 2793 apostata
2761 2682 3290 2793 impugnavit

512 2822 801 2897 eontra
834 2810 1357 2897 Cathouoem
1394 2836 1756 2908 eausam,
1785 2806 1930 2893 lib.
1968 2810 2021 2893 i.
2102 2808 2334 2903 ,Alia
2367 2810 2602 2893 Patri
2631 2811 2908 2921 Tyrio
2961 2812 3290 2897 edenda·

513 2940 902 3052 reliquit3
968 2966 1079 3025 an
1139 2938 1612 3053 prodierint
1668 2940 2035 3050 ignoro?
2149 2939 2244 3023 P.
2285 2939 2494 3023 363.
2563 2952 2609 2991 ‘⁶
2656 2940 2766 3023 In
2811 2939 3288 3026 Ausonium

511 3070 1173 3155 Commentarios
1204 3072 1529 3168 uberes,
1574 3080 1771 3181 post
1808 3068 2242 3169 vinetum,
2279 3080 2372 3152 et
2402 3067 2941 3180 Scaliger-um,
2996 3098 3094 3155 ac
3129 3070 3284 3155 ori-

512 3200 739 3299 tiooS,
798 3198 945 3283 lib.
1000 3201 1054 3283 i.
1108 3198 1425 3282 dicitur
1474 3199 1933 3283 emittere.”
2046 3198 2264 3289 Quis
2309 3226 2486 3283 non
2533 3199 2788 3299 videt,
2833 3198 2954 3283 sie
3002 3197 3287 3309 legen-

510 3329 775 3413 dum?
886 3338 937 3379 ‘⁶
982 3330 1091 3413 In
1140 3328 1627 3413 Ausonium
1686 3327 2366 3413 Commentarios·
2409 3330 2734 3414 uberes
2771 3356 2870 3413 ao
2935 3328 3284 3426 criticos,

510 3470 697 3568 post
772 3458 1183 3545 Vinetiml
1268 3470 1371 3541 et
1444 3456 1979 3568 Sealigerum,
2064 3453 2210 3539 lib.
2286 3456 2338 3539 i.
2429 3456 2744 3545 dieitur
2826 3457 3283 3541 emittere.'-'

514 3586 599 3670 P.
642 3594 828 3678 439.
868 3598 915 3641 θ’
952 3586 1073 3669 Et
1108 3587 1525 3670 ineassum
1564 3584 1857 3669 Rauae
1885 3582 2432 3670 Hirlandioae
2457 3586 2676 3669 tanti
2708 3584 2862 3669 viri
2894 3584 3284 3670 laudibus

509 3718 615 3799 ob
651 3742 753 3799 eo
788 3726 1045 3799 axant
1082 3716 1175 3797 in
1220 3712 1511 3799 libello
1560 3714 1881 3798 famoso
1930 3742 2105 3814 suo,
2158 3713 2327 3815 vili,
2378 3715 2740 3816 indocto,
2789 3718 2900 3799 ab
2941 3714 3284 3801 ecelesia

510 3844 1041 3957 proscripto.”
1156 3843 1387 3935 Quid
1436 3842 1591 3927 sibi
1640 3842 1847 3927 velit
1889 3845 1989 3928 ob
2042 3872 2131 3929 eo
2176 3858 2455 3946 amnt,
2513 3872 2687 3929 non
2735 3844 2830 3929 in
2879 3856 3280 3957 promptu

508 3984 653 4059 est.
771 3972 1267 4085 Legendum
1330 3982 1619 4057 autem
1678 3996 1997 4072 censen,
2058 3984 2103 4023 “
2138 3998 2392 4057 ranae
2457 3971 3004 4059 Hirlandieae
3063 3977 3282 4059 tanti

506 4102 661 4186 viri
698 4100 1093 4185 laudibus
1128 4101 1649 4188 detrahant.’'
1744 4098 1929 4200 vel,
1968 4102 2035 4185 si
2066 4102 2348 4202 mavis,
2379 4114 2476 4184 tu
2505 4101 2754 4213 legas,
2791 4114 2836 4155 ‘⁶
2875 4106 2986 4187 ob
3013 4132 3114 4187 ea
3141 4102 3284 4188 de·-

510 4230 923 4315 trahant.''
994 4232 1217 4315 Sunt
1247 4242 1537 4315 autem
1568 4258 1821 4315 ranae
1842 4228 2408 4331 Hirlandieae,
2436 4232 2572 4326 tot
2589 4230 2834 4329 iltis&
2863 4234 3280 4315 tranitem.

508 4348 611 4443 P.
638 4368 830 4450 587.
874 4369 921 4411 ‘⁶
956 4358 1361 4444 Novellae
1396 4356 2065 4443 constitutiones
2116 4358 2582 4445 Latinitate
2629 4361 2994 4445 donatae
3044 4360 3188 4445 lib.
3227 4364 3279 4445 i.

510 4490 787 4573 Antea
858 4488 1427 4575 transtulerat.
1568 4488 1997 4573 Hem-icus
2071 4486 2496 4601 Agylaeus
2569 4488 3278 4574 Buseouiduensis

508 4616 925 4703 Corradus
992 4618 1579 4703 Ritterhusius
1636 4618 2061 4730 prooemio
2116 4616 2173 4700 J
2176 4644 2301 4700 ur.
2361 4618 2418 4699 J
2417 4618 2872 4707 ustinianei
2933 4644 3108 4732 cap.
3173 4622 3277 4703 iv.

514 4734 945 4833 Plutarchi
982 4747 1263 4833 omnia
1316 4748 1595 4859 Opera
1643 4746 1783 4832 lib.
1826 4747 1917 4947 id
1928 4773 2124 4830 cum
2176 4744 2407 4831 MSS.
2457 4746 2823 4836 eontulit
2875 4747 3278 4833 Eduardo
