4384 5817
1352 575 1711 646 GENTIS
1756 571 2318 656 sco'roRUM,
2365 572 2550 644 LIB.
2588 573 2712 644 VI.
2736 680 2755 699 .
3265 573 3434 645 *291

1629 881 2171 960 FUGETIUS.
2274 885 2444 956 548.

637 1123 1067 1195 Fuanrms
1116 1122 1271 1193 solo
1321 1119 1611 1192 nomine
1656 1118 1839 1190 mihi
1889 1118 2246 1215 cognitus,
2302 1137 2434 1189 nee
2489 1115 2862 1212 quippiam
2919 1114 3116 1190 illius
3174 1115 3268 1188 ad
3317 1139 3435 1190 me

638 1241 989 1333 pervenit,
1021 1244 1309 1331 praeter

935 1354 1050 1427 De
1083 1353 1670 1449 Peregrinatione
1702 1354 1796 1425 ad
1826 1349 2024 1424 Loca
2054 1357 2306 1422 sancta
2423 1348 2550 1420 lib.
2589 1365 2644 1419 1.
2743 1345 2984 1421 Erant
3015 1348 3207 1421 enim
3241 1349 3438 1424 Scoti

1033 1470 1207 1544 huic
1239 1472 1433 1542 vitae
1463 1468 1710 1566 generi
1744 1468 1955 1540 valde
1986 1467 2278 1550 addicti,
2323 1474 2411 1538 ut
2459 1473 2572 1536 est
2613 1464 2694 1536 in
2735 1462 3122 1557 Apparatu
3165 1466 3258 1539 ad
3304 1465 3440 1539 Hi-

1030 1586 1333 1661 storiam
1380 1585 1737 1659 Scoticam
1784 1607 1941 1679 cap.
1996 1601 2114 1656 11.
2170 1607 2220 1654 a
2273 1605 2392 1656 me
2447 1579 2858 1675 probatum,
2916 1603 3000 1652 ac
3055 1585 3210 1655 zelo
3267 1605 3442 1676 quo·

1030 1704 1201 1778 dam
1230 1695 1523 1796 pietatis
1555 1724 1777 1795 supra
1808 1701 1985 1774 alias
2028 1709 2282 1796 gentes
2325 1698 2646 1772 accensi:
2696 1720 2888 1770 unus
2929 1707 3040 1770 est
3080 1699 3209 1793 qui
3249 1703 3444 1773 vitu-

1030 1828 1263 1916 perat,
1330 1817 1825 1894 Theudoricus
1887 1815 2178 1903 Aniem,
2251 1818 2406 1910 ipse
2473 1815 2568 1889 ab
2633 1813 3014 1887 Hirlandis
3080 1817 3440 1910 deceptus,

1032 1938 1161 2031 qui
1210 1958 1287 2008 se
1336 1934 1610 2022 Scotos,
1662 1937 1838 2008 dum
1881 1934 2367 2007 mendicantes
2414 1930 2658 2006 orbem
2706 1941 3102 2024 pererrant,
3151 1936 3446 2008 mentiri

1036 2057 1291 2127 solent.

740 2169 1054 2244 Vivebat
1084 2192 1278 2243 anno
1312 2186 1647 2242 uchn.
1680 2170 1974 2263 quando
2006 2166 2209 2252 obiit,
2251 2173 2380 2240 aut
2426 2189 2574 2261 quo
2623 2167 2820 2240 vitae
2859 2189 3122 2264 genere
3155 2167 3442 2254 vixerit,

642 2311 789 2362 non
843 2288 1101 2380 reperi.
1227 2287 1417 2360 Sunt
1474 2294 1717 2359 tamen
1768 2285 1899 2380 qui
1956 2285 2378 2357 existimant
2435 2285 2870 2366 monachum
2927 2283 3152 2355 fuisse
3212 2285 3446 2358 Bene-

642 2406 995 2478 dictinum
1052 2405 1132 2477 in
1181 2402 1562 2478 Scotorum
1614 2401 1955 2475 coenobio
2006 2399 2472 2484 Ratisbonae,
2521 2400 2649 2472 sed
2697 2398 2895 2471 haud
2942 2407 3212 2472 temere
3260 2399 3448 2473 affir-

642 2523 923 2594 marim.
1022 2520 1245 2593 Liber
1275 2520 1547 2614 prodiit
1579 2517 1907 2594 Venetiis
1940 2539 2032 2592 ex
2063 2515 2114 2587 J
2114 2525 2499 2590 unctarum
2541 2517 2796 2612 prelo;
2846 2516 3084 2610 stylus
3127 2525 3240 2590 est
3287 2517 3446 2590 bar-

645 2639 881 2723 barus,
912 2645 1001 2712 ut
1032 2638 1252 2711 aetati
1284 2660 1439 2730 par.

1334 2868 1387 2940 J
1388 2866 1681 2942 OANN
1683 2867 1809 2942 Es
1857 2864 2464 2945 FRASERIUS.
2568 2873 2742 2950 549.

644 3104 695 3176 J
697 3121 1037 3177 oanmts
1068 3104 1469 3188 Fraserius,
1505 3125 1595 3176 ex
1628 3103 2075 3176 nobilissima
2098 3101 2376 3174 familia
2399 3101 2832 3187 Philorthia,
2856 3103 3005 3175 rari
3029 3105 3454 3197 amoenique

646 3221 941 3318 ingenii,
978 3219 1277 3292 Parisiis
1327 3220 1455 3291 diu
1487 3218 2018 3312 philosophiam
2068 3218 2434 3312 professus
2485 3241 2652 3290 cum
2700 3219 2956 3314 gloria,
3012 3219 3450 3293 Har-curiani

646 3339 1075 3421 moderator,
1156 3337 1375 3410 abbas
1460 3333 1879 3408 Novioduni
1952 3346 2085 3407 aut
2147 3334 2596 3427 Compendii,
2673 3337 2755 3407 in
2829 3337 2952 3430 pio
3021 3338 3452 3431 literatoque

648 3455 797 3528 otio
828 3455 1226 3526 consenuit.
1326 3451 1516 3548 Ejus
1553 3461 1757 3523 sunt:
2124 3477 2139 3490 ·

946 3568 1037 3642 In
1093 3570 1507 3641 universam
1558 3567 1977 3641 Aristotelis
2032 3568 2579 3662 Philosophiam
2629 3566 3150 3642 commentarii
3194 3571 3454 3643 doctis-

1044 3687 1213 3758 simi
2337 3685 2462 3757 lib.
2501 3703 2556 3756 1.

945 3800 1495 3876 controversiae
1530 3803 1737 3875 Fidei
2342 3801 2466 3873 lib.
2506 3819 2559 3872 1.
2613 3803 3016 3874 vernacule.

944 3917 1281 4012 Epistola
1312 3921 1405 3992 ad
1438 3920 1749 3991 nobilem
1785 3919 2286 4002 Calvinistam,
2337 3939 2484 4010 qua
2531 3919 2656 3990 illa
2706 3919 2997 4014 singula
3044 3927 3456 3992 controver-

1042 4037 1315 4109 siarum
1384 4038 1623 4130 capita
1698 4037 1887 4108 mira
1951 4036 2305 4108 brevitate
2371 4041 2446 4104 et
2522 4034 2882 4105 doctrina.
2911 4035 3456 4128 incomparabili

1044 4161 1410 4237 retractat,
1445 4176 1528 4225 ae
1560 4153 1772 4225 offert
1802 4175 1879 4224 se
1912 4155 1990 4224 in
2022 4159 2266 4244 partes
2315 4150 2511 4221 illius
2563 4150 3042 4222 transiturum
3090 4151 3233 4223 nisi
3284 4175 3458 4224 vera

1046 4271 1195 4342 sint
1243 4280 1317 4340 et
1382 4270 1615 4342 solida
1674 4268 2212 4341 Catholicorum
2283 4266 2776 4351 fundamenta,
2847 4289 3186 4340 erroneae
3257 4291 3453 4355 vex-0,

1049 4396 1123 4458 et
1156 4409 1398 4458 sacrae
1430 4387 1845 4479 Scripturae
1887 4384 2288 4458 contrariae
2331 4383 2856 4456 haereticorum
2901 4382 3280 4456 Scotorum
3321 4385 3452 4456 im·

1048 4512 1388 4596 posturae
1420 4524 1507 4574 ac
1540 4502 1928 4573 doctrinae.
2030 4499 2370 4572 Lutetiae
2401 4501 2696 4594 prodiit,
2732 4499 2858 4572 lib.
2897 4517 2948 4570 1.

947 4620 1317 4704 Poemata‚
1352 4619 1557 4690 vario
1590 4618 1924 4701 carmine,
2337 4615 2462 4688 lib.
2504 4634 2558 4688 1.

948 4736 1335 4810 Orationes
1372 4735 1995 4829 eloquentissimae
2338 4733 2464 4804 lib.
2505 4749 2556 4804 1.

752 4852 955 4926 Obiit
975 4851 1309 4925 Lutetiae
1331 4854 1492 4946 ipso
1516 4849 1887 4923 Paschatis
1910 4852 2045 4935 die,
2068 4851 2408 4944 cumipse
2429 4872 2672 4923 mense
2693 4859 2848 4923 toto
2869 4859 3081 4923 antea
3100 4851 3449 4947 languens
