4384 5817
1245 577 1604 648 GENTIS
1649 574 2215 656 scoToRUM‚
2259 574 2445 644 LIB.
2491 574 2615 643 1v.
3208 575 3341 640 218

533 769 923 856 lustravit;
957 771 1085 842 sed
1117 789 1282 840 cum
1325 767 1908 860 deprehendisset
1955 767 2299 862 exiguum
2342 765 2447 837 ibi
2492 764 2723 836 divini
2762 765 2999 836 cultus
3049 771 3335 856 promo-

533 887 754 958 vendi
805 885 1204 956 subsidium
1255 906 1430 968 esse,
1479 882 1779 956 fratrem
1811 883 1890 952 in
1925 881 2215 954 Italiam
2258 889 2369 952 est
2413 881 2841 952 festinanter
2882 879 3330 960 subsecutus,

531 1002 954 1094 primusque
1013 999 1398 1091 Lupiensis
1456 999 1830 1090 episcopus
1877 998 2084 1069 sedit.
2213 994 2455 1090 Lupia
2510 1005 2756 1067 autem
2816 994 2909 1066 ab
2970 1016 3332 1087 anonymo
3418 1059 3427 1068 .

531 1125 785 1188 nostro
833 1113 1046 1186 Scoto
1085 1115 1166 1184 in
1207 1113 1614 1196 Itinerario,
1666 1114 1862 1205 quod
1909 1113 2261 1186 tribuitur
2305 1110 2489 1182 falso
2538 1109 2913 1184 Antonino
2962 1107 3330 1203 Augusto,

532 1229 754 1323 Lipia
818 1239 949 1313 est,
1014 1229 1089 1301 S.
1160 1229 1470 1300 Paulino
1534 1229 1838 1319 epistola
1891 1229 1981 1300 de
2037 1227 2243 1300 obitu
2308 1225 2605 1298 Nicetae
2672 1225 2922 1316 Lepia,
2990 1223 3328 1296 Straboni

535 1343 851 1430 Amata,
884 1345 1186 1437 Lupiae,
1219 1343 1538 1430 effertur,
1571 1341 1810 1418 Melae
1841 1367 1988 1416 non
2021 1344 2176 1414 sine
2208 1345 2468 1414 menda
2498 1340 2837 1433 Luspiae,
2870 1342 2995 1412 sed
3018 1339 3333 1430 Lupiam
3368 1405 3375 1413 .

527 1459 751 1532 habet
799 1459 1106 1543 Plinius,
1155 1466 1232 1530 et
1279 1456 1514 1529 Melae
1571 1479 1860 1530 concors
1921 1459 2403 1543 Ptolomaeus,
2453 1459 2647 1551 apud
2691 1479 2905 1550 quem
2956 1451 3329 1528 onom'oet:

531 1597 730 1648 nunc
759 1574 1001 1648 Rocca
1031 1573 1374 1646 Galataeo
1406 1581 1540 1656 est,
1581 1573 1754 1644 olim
1799 1572 2118 1667 Sybaris,
2158 1588 2249 1646 ut
2280 1577 2441 1646 vult
2474 1573 2893 1656 Pausanias,
2938 1594 3070 1644 nec
3113 1575 3333 1664 longo

531 1691 702 1762 inde
733 1697 974 1762 tractu
1007 1689 1236 1760 Ennii
1270 1688 1575 1760 Rudiae.
1663 1687 1877 1760 Hanc
1905 1692 2158 1762 urbem
2204 1691 2449 1782 itaque
2480 1697 2728 1760 noster
2759 1697 2835 1760 et
2866 1697 3149 1759 nostras
3183 1685 3331 1758 Do-

529 1813 750 1878 natus
783 1805 890 1876 ita
919 1804 1142 1877 verbo
1173 1811 1247 1877 et
1280 1807 1608 1896 exemplo
1639 1803 2082 1889 informavit,
2116 1814 2205 1876 ut
2236 1807 2407 1900 jure
2456 1803 2715 1875 merito
2764 1805 2923 1897 ejus
2963 1804 3327 1892 apostolus

531 1919 785 1992 baberi
816 1921 1070 2014 possit.
1128 1908 1346 1992 ‘Vita
1380 1917 1454 1990 S.
1491 1918 1849 1993 Cathaldi.
1949 1917 2142 1992 Acta
2171 1920 2367 1991 illius
2402 1919 2757 1992 ecclesiae.
2858 1916 3165 2008 Scripsit

823 2033 948 2106 Ad
979 2033 1381 2129 Lupienses
1417 2033 1776 2106 Homilias
2412 2034 2537 2105 lib.
2576 2051 2630 2104 1.

827 2149 1340 2222 Ordinationes
1371 2147 1736 2221 Ecclesiae
1769 2171 1940 2222 suae
2409 2149 2535 2221 lib.
2572 2166 2627 2219 1.

632 2263 922 2336 Floruit
946 2287 1136 2336 anno
1161 2281 1547 2336 cccnxw.
1599 2262 1776 2336 Dies
1800 2267 2038 2336 cultus
2060 2272 2170 2336 est
2196 2281 2309 2336 IV.
2335 2261 2685 2359 Augusti,
2709 2269 2783 2336 et
2808 2279 2956 2334 vn.
2981 2263 3325 2358 ejusdem.

1473 2492 1550 2563 S.
1599 2489 2038 2580 DORANU,
2037 2493 2110 2565 S.
2215 2497 2385 2572 389.

529 2725 600 2796 S.
643 2723 1070 2809 Domuum,
1121 2724 1494 2815 episcopus
1543 2721 1821 2807 Scotus,
1870 2723 1997 2795 sed
2045 2725 2124 2794 in
2172 2721 2435 2806 Scotia,
2486 2743 2581 2794 an
2628 2745 2803 2796 vero
2850 2733 3079 2809 extra,
3132 2724 3330 2796 baud

526 2839 735 2912 facile
782 2839 1274 2935 dijudicarim3
1337 2859 1503 2910 eum
1549 2845 1792 2909 tamen
1839 2839 1946 2910 sic
1994 2847 2331 2911 vocatum
2377 2839 2657 2932 reperio
2706 2861 2751 2910 a
2798 2838 3151 2925 Florario,
3200 2861 3331 2912 nec

526 2955 678 3026 ulla
708 2955 942 3049 major
973 2953 1156 3024 mihi
1188 2955 1340 3025 lux.

625 3067 892 3142 Annus
916 3091 1203 3162 quoque
1230 3068 1423 3161 apud
1448 3091 1566 3142 me
1597 3069 1937 3155 incertus,
1969 3068 2151 3140 illud
2183 3091 2358 3141 vero
2388 3078 2688 3155 certum,
2721 3093 2887 3142 eum
2921 3070 3057 3140 coli
3091 3071 3206 3141 die
3234 3087 3321 3141 11.

529 3181 923 3257 Novembr.
998 3182 1161 3256 Aut
1192 3183 1414 3278 hujus
1449 3194 1578 3256 aut
1611 3185 1908 3258 alterius
1953 3182 2353 3280 [eiusdem]
2392 3184 2837 3280 cognominis
2869 3185 3203 3256 meminit
3236 3207 3328 3256 ex

530 3297 912 3372 Breviario
957 3296 1370 3372 Glascoensi
1407 3299 1766 3372 Henricus
1809 3298 2200 3383 Sinclams,
2242 3301 2370 3392 qui
2403 3300 2985 3372 archidiaconum
3016 3301 3329 3392 appellat

527 3415 690 3510 ejus
721 3415 932 3487 sedis.

1510 3611 1585 3685 S.
1638 3611 2060 3686 DUFFUS.
2164 3616 2335 3692 390.

527 3759 605 3832 S.
673 3759 1034 3844 DUFFUS,
1102 3760 1482 3833 Scotorum
1547 3784 1678 3832 rex
1741 3779 2078 3832 Lxxnx.
2146 3761 2493 3854 Indulphi
2551 3785 2939 3845 successor,
2998 3761 3320 3845 virtutis,

527 3875 844 3968 pietatis,
870 3875 1340 3971 justitiaeque
1373 3877 1894 3960 tenacissimus,
1937 3899 2168 3969 usque
2213 3879 2411 3962 adeo,
2456 3887 2543 3950 ut
2588 3901 2752 3949 cum
2786 3901 2945 3949 reos
2978 3877 3326 3970 quosdam

525 3991 1002 4062 adolescentes
1067 3992 1343 4063 nobiles
1410 3993 1816 4084 plectendos
1898 3994 2311 4076 censuisset,
2394 4016 2526 4064 nec
2606 4016 2908 4086 poenam
2992 3992 3327 4064 Donaldo

528 4101 790 4176 Thano
854 4105 1248 4198 impensius
1313 4108 1790 4178 intercedenti·
1845 4109 2268 4192 remitteret,
2334 4111 2583 4180 uxoris
2650 4109 2963 4181 Donaldi
3046 4110 3326 4182 artibus

529 4227 752 4290 noctu
809 4241 940 4291 rex
987 4221 1394 4316 jugulatus,
1465 4230 1744 4314 martyr
1809 4229 1922 4292 est
1981 4223 2297 4307 habitus,
2356 4225 2563 4319 cujus
2631 4225 2909 4297 obitum
2974 4227 3151 4296 coeli
3217 4227 3325 4296 lu·

526 4344 839 4419 xerunt3
885 4356 1055 4406 nam
1091 4344 1136 4376 ‘⁶
1167 4357 1296 4406 sex
1329 4337 1668 4408 continuo
1701 4345 1866 4428 post
1899 4360 2198 4423 menses,
2232 4363 2361 4411 nec
2394 4343 2501 4411 sol
2534 4341 2851 4413 interdiu
2884 4343 3035 4412 suis
3080 4341 3323 4425 radiis,

531 4471 664 4520 nec
708 4452 883 4521 luna
925 4457 1146 4522 noctu
1191 4471 1323 4521 suo
1369 4452 1664 4532 lumine,
1715 4449 2028 4524 Scoticas
2079 4476 2241 4526 oras
2289 4457 2785 4540 collustravit3
2836 4458 3029 4528 unde
3076 4439 3325 4530 om‘nes

529 4565 964 4659 gravissima
1010 4587 1334 4658 quaeque
1383 4566 1522 4638 sibi
1569 4565 1942 4652 timebant,
1997 4590 2128 4638 nec
2175 4568 2559 4654 immerito,
2611 4593 2775 4642 cum
2825 4573 3066 4644 omnia
3114 4571 3325 4644 nubi·

531 4677 668 4751 bus
725 4681 1054 4764 obducta,
1106 4683 1344 4754 ventis
1392 4683 1767 4764 concitata,
1817 4683 2251 4776 ignibusque
2298 4685 2658 4769 micantia,
2710 4685 2941 4758 Scotis
2991 4689 3108 4760 vel
3154 4687 3323 4758 hor-

533 4799 831 4871 rendam
895 4807 1204 4873 mortem
1268 4801 1384 4872 vel
1449 4799 1936 4872 calamitosam
1993 4799 2223 4872 vitam
2280 4801 2721 4874 intentarent
2748 4803 2807 4874 :²²
2878 4801 3097 4875 verba
3148 4811 3323 4876 sunt
