4384 5817
1060 786 1231 869 tius
1280 812 1635 885 assumo,
1689 811 1797 869 ne
1848 784 2141 885 dicam,
2192 784 2628 871 ardentius
2681 814 2999 899 arrogo,
3055 786 3288 899 quod
3345 786 3434 869 in
3491 814 3592 873 eo
3641 814 3834 901 ope-

1060 942 1239 997 ram
1298 942 1753 1025 curamque
1819 914 2077 1025 figere
2140 942 2280 999 me
2346 926 2436 999 et
2509 912 2912 999 collocare
2985 916 3250 1027 probe
3321 914 3598 1015 sciam,
3675 942 3832 999 un-

1056 1044 1165 1127 de
1232 1070 1403 1126 non
1468 1044 1769 1153 exigua
1834 1042 2107 1127 laudis
2182 1054 2274 1127 et
2339 1042 2653 1155 gloriae
2719 1044 2810 1127 in
2877 1070 3410 1129 communem
3473 1043 3830 1156 patriam

1056 1172 1206 1255 fiat
1284 1172 1659 1255 accessio.
1804 1172 2003 1257 Huc
2081 1170 2402 1257 accedit
2474 1199 2664 1257 mea
2739 1173 2830 1257 in
2907 1202 3016 1257 rr:
3082 1183 3170 1258 et
3235 1173 3326 1255 in
3393 1172 3832 1283 Dempste-

1056 1328 1247 1384 rum
1308 1302 1853 1401 observantia,
1912 1302 2312 1386 devotum
2372 1301 2716 1413 utrique
2771 1300 3288 1413 obsequium,
3333 1328 3506 1385 non
3561 1297 3831 1385 solum

1056 1432 1165 1515 ob
1241 1431 1683 1515 innumera
1750 1432 1854 1514 ab
1932 1442 2297 1541 utroque
2374 1430 2466 1513 in
2540 1457 2678 1515 me
2745 1430 3118 1513 derivata
3179 1429 3468 1529 officia,
3541 1456 3834 1515 verum

1058 1559 1313 1642 etiam
1388 1562 1497 1645 ob
1573 1556 1759 1643 illas
1833 1588 2049 1671 quae
2124 1560 2220 1645 in
2283 1571 2648 1671 utroque
2721 1558 3026 1643 eximie
3089 1555 3510 1644 collucent
3573 1556 3830 1643 animi

1056 1688 1317 1786 dotes
1383 1688 1769 1773 omnibus
1834 1716 2030 1773 cum
2092 1686 2736 1800 conspiciendas,
2803 1697 2992 1771 tum
3065 1686 3294 1772 omni
3371 1686 3830 1771 officiorum

1054 1845 1357 1927 genere
1395 1818 2034 1929 prosequendae.
2144 1816 2202 1901 J
2204 1844 2340 1901 am
2377 1817 2569 1929 quis
2605 1816 2814 1902 adeo
2851 1812 3382 1927 irreligiosus,
3431 1816 3581 1929 qui
3633 1810 3832 1901 ulti-

1056 1974 1275 2029 mam
1316 1957 1404 2031 et
1432 1947 1985 2057 justissimam
2021 1944 2446 2031 demortui
2487 1944 3014 2031 voluntatem
3049 1972 3222 2027 non
3260 1956 3764 2055 exsequatur
3787 1946 3828 2025 ?

1054 2102 1273 2185 quae
1306 2102 1514 2186 gens
1551 2086 1726 2160 tam
1763 2076 2133 2173 barbara,
2184 2083 2336 2159 aut
2385 2068 2575 2186 quis
2625 2086 2801 2159 tam
2852 2074 3178 2173 efferuS,
3229 2084 3317 2156 et
3367 2100 3416 2157 a
3459 2072 3830 2157 moribus

1053 2202 1397 2303 alienuS,
1450 2204 1601 2317 qui
1659 2204 1919 2289 vitam
1972 2200 2328 2315 alicujus
2383 2204 2453 2287 si
2509 2215 2758 2315 putet
2811 2230 2964 2315 per
3027 2230 3116 2287 se
3181 2202 3511 2287 restitui
3569 2228 3832 2313 posse,

1056 2331 1334 2417 nolit?
1402 2332 1593 2446 quis
1644 2332 2013 2443 denique
2071 2344 2314 2417 tanto
2361 2331 2598 2447 operi
2649 2343 2992 2445 tamque
3048 2329 3306 2441 digno
3355 2330 3604 2431 diem,
3659 2358 3830 2441 quo

1056 2462 1607 2575 Dempsterus
1644 2461 2099 2561 reviviscat,
2138 2490 2444 2573 negare
2480 2456 2708 2561 velit,
2745 2474 2896 2545 aut
2921 2458 3366 2573 prohibere
3389 2464 3428 2543 ’ἐ
3485 2459 3650 2543 Cui
3677 2488 3834 2569 ego

1054 2589 1259 2675 alias
1296 2590 1457 2674 nisi
1496 2586 1881 2675 obtulero
1918 2588 2282 2689 inferiaS,
2313 2585 2610 2674 saltem
2638 2588 2799 2675 hoc
2827 2617 3094 2673 unum
3123 2586 3592 2701 persolvere
3619 2588 3828 2671 mihi

1053 2722 1178 2805 fas
1206 2720 1317 2804 sit
1354 2718 1742 2821 officium,
1780 2747 1951 2803 non
1990 2746 2393 2829 magnum
2431 2718 2800 2845 quidem,
2835 2720 2986 2805 sed
3023 2717 3262 2833 quod
3286 2716 3498 2817 huic
3537 2718 3829 2803 Histo-

1052 2850 1224 2935 riae
1288 2848 1783 2961 praefixum,
1842 2860 1930 2933 et
1988 2846 2311 2932 nomini
2372 2846 2868 2959 inscriptum
2926 2858 3102 2947 tu0,
3159 2846 3828 2932 averruncandae

1056 2976 1421 3063 invidiae
1460 2990 1549 3061 et
1586 2974 2027 3061 oblivionis
2066 3003 2334 3076 causa,
2371 2973 2844 3061 immortale
2897 2975 3009 3061 sit
3051 2976 3462 3061 futurum.
3577 2974 3832 3059 Nunc

1054 3135 1251 3191 vero
1298 3106 1521 3190 inter
1566 3104 1729 3191 alia
1774 3133 1990 3217 quae
2046 3102 2292 3190 illum
2349 3102 3020 3204 adhortarentur,
3077 3115 3181 3189 ut
3235 3116 3322 3189 te
3368 3104 3478 3189 ad
3523 3132 3818 3190 novam

1054 3237 1291 3335 hanc,
1334 3230 1442 3320 'et
1492 3232 1927 3319 meliorem
1983 3234 2202 3343 forte
2257 3232 2620 3319 Scotiam
2675 3230 3178 3319 advocarent
3221 3230 3826 3333 illustrandam,

1055 3376 1311 3479 eaput
1348 3361 1569 3447 illud
1604 3380 1783 3449 esse
1820 3362 2031 3447 mihi
2072 3360 2346 3447 visum
2381 3375 2532 3462 est,
2573 3364 2642 3445 si
2681 3372 3126 3474 reponeret
3159 3362 3390 3475 apud
3435 3360 3826 3475 aliquem,

1053 3493 1282 3607 apud
1318 3520 1575 3604 quem
1612 3494 1883 3592 sciret,
1918 3494 2148 3605 apud
2182 3518 2440 3605 quem
2479 3518 2650 3577 non
2691 3492 3174 3579 nesciretur.
3285 3492 3408 3575 Et
3457 3505 3704 3591 certe,
3755 3494 3824 3575 si

1052 3624 1263 3737 quid
1300 3622 1605 3707 Virum
1642 3620 2059 3707 illustrem
2094 3634 2249 3705 aut
2282 3619 2762 3735 Principem
2813 3620 3367 3723 commendet,
3419 3621 3510 3706 id
3546 3634 3824 3706 totum

1050 3756 1141 3839 in
1178 3750 1649 3867 prudentia,
1684 3752 2105 3864 exquisita
2140 3776 2423 3837 rerum
2461 3750 2958 3861 cognitione,
2995 3762 3086 3835 et
3111 3750 3370 3837 animi
3407 3752 3826 3863 magnitu-

1052 3882 1253 3968 dine
1299 3884 1559 3968 situm
1606 3882 2049 3977 existim03
2107 3892 2353 3965 norat
2407 3880 2636 3963 enim
2691 3892 2780 3964 te
2829 3906 3008 3965 esse
3052 3906 3248 3966 eum
3295 3880 3526 3992 apud
3571 3907 3820 3993 quem

1049 4014 1267 4097 bene
1300 4022 1850 4110 mererentur,
1896 4022 2047 4094 aut
2102 4010 2253 4123 qui
2308 4008 2512 4093 huic
2565 4006 2848 4095 seculo
2900 4006 3408 4109 adornando,
3457 4022 3548 4095 et
3595 4036 3828 4123 prae-

1053 4142 1341 4225 sertim
1418 4154 1616 4225 tuae
1690 4139 2008 4251 patriae
2084 4135 2614 4223 extollendae
2687 4139 3093 4251 gentique
3163 4140 3628 4238 Scotorum,
3719 4168 3822 4223 ex

1060 4272 1367 4383 quibus
1458 4269 1771 4383 regiam
1862 4266 2113 4381 plane
2205 4268 2448 4353 ducis
2541 4268 2972 4379 originem,
3049 4266 3274 4353 inter
3360 4269 3614 4355 fastos
3701 4296 3828 4353 re-

1050 4398 1517 4485 censendae
1590 4424 1925 4509 operam
2004 4408 2412 4483 navarent
2485 4396 3000 4511 diligentem,
3073 4409 3230 4483 aut
3301 4392 3599 4485 saltem
3673 4400 3821 4511 qui

1052 4532 1161 4615 de
1228 4526 1501 4613 Musis
1576 4553 1671 4611 ac
1742 4520 2031 4613 literis
2088 4520 2608 4613 humanioris
2681 4526 3182 4612 eruditionis
3256 4538 3478 4611 totos
3543 4552 3826 4611 conse-

1050 4670 1401 4757 crarent,
1488 4684 1593 4742 ex
1676 4655 1984 4769 quibus
2070 4654 2440 4768 aliquam
2527 4656 2899 4770 Majores
2979 4668 3072 4743 et
3157 4654 3482 4742 Posteri
3573 4642 3826 4741 refer'·

1054 4801 1244 4873 rent
1302 4786 2133 4875 commendationem.
2278 4784 2476 4871 Non
2530 4798 2822 4873 retexo
2875 4782 3016 4873 hic
3071 4786 3371 4901 quanti
3427 4784 3538 4871 sis
3597 4782 3825 4897 apud
