4384 5817
1348 587 1706 660 GENTIS
1752 581 2316 668 SCOTORUM,
2361 583 2546 656 LIB.
2591 583 2753 667 vll.
3319 587 3453 658 807

612 793 799 880 ‘tum
864 805 943 855 se
1005 779 1273 854 divinis
1340 801 1783 864 consecrans,
1850 801 2077 874 prope
2138 779 2608 864 Dunelmum,
2684 799 2872 874 quae
2935 785 3112 852 tunc
3185 775 3444 852 civitas

641 899 959 975 Scoticae
1006 899 1303 971 ditionis
1354 908 1535 984 erat,
1588 897 2029 970 eremiticam
2079 895 2314 972 vitam
2363 895 2681 970 animose
2734 895 3238 988 praesumpsit,
3291 896 3448 992 glo-

638 1017 828 1090 riose
876 1016 1249 1090 sustinuit.
1349 1012 1643 1087 Exinde
1691 1012 2001 1085 Terram
2048 1011 2389 1086 Sanctam
2436 1011 2858 1108 peregrinus
2907 1011 3272 1097 lustravit,
3315 1013 3446 1086 do-

638 1155 983 1227 mumque
1046 1133 1127 1206 in
1192 1131 1512 1205 Scotiam
1576 1130 1882 1213 rediens,
1950 1127 2029 1202 S.
2090 1128 2143 1202 J
2142 1129 2444 1203 acobum
2501 1129 2584 1205 in
2635 1126 2908 1202 Galitia
2963 1128 3318 1213 adoravit,
3373 1138 3462 1204 et-

640 1250 719 1321 in
770 1249 1193 1322 austeritate
1252 1247 1445 1322 vitae
1496 1267 1983 1340 perseverans,
2034 1245 2358 1320 monitus
2405 1268 2452 1317 a
2497 1243 2574 1318 S.
2627 1243 2996 1320 Cudberto
3043 1244 3282 1332 Scoto,
3329 1266 3442 1320 se-

638 1364 953 1438 cundum
1019 1365 1099 1438 in
1165 1364 1607 1437 Palestinam
1662 1366 1805 1434 iter
1868 1361 2406 1438 ferventissimo
2461 1361 2756 1455 pietatis
2821 1360 3084 1434 affectu
3150 1361 3440 1436 direxit.

642 1479 844 1553 Haec
878 1479 1147 1554 Matth.
1185 1480 1393 1552 Paris
1425 1480 1507 1550 in
1556 1479 1923 1552 Richardo
1976 1476 2077 1551 11.
2124 1487 2204 1554 et
2253 1477 2674 1552 Matthaeus
2722 1476 3446 1554 westmonasterien-

638 1598 737 1669 sis
792 1599 885 1669 ad
934 1618 1208 1668 annum
1250 1613 1459 1668 Mcx.
1564 1593 1829 1668 Redux
1876 1594 1956 1666 in
2006 1593 2324 1668 Scotiam
2371 1602 2539 1688 post
2585 1593 2964 1689 sexaginta
2993 1602 3186 1668 totos
3217 1603 3446 1669 an'nos

638 1715 715 1784 in
766 1735 1005 1786 eremo
1054 1714 1419 1796 toleratos,
1468 1710 1545 1784 S.
1594 1707 1935 1784 Andreae
1984 1711 2360 1804 episeopus
2407 1709 2554 1782 fuit
2601 1711 2890 1794 electus,
2942 1719 3016 1785 et
3063 1708 3445 1808 Edgarum

638 1853 903 1926 regem,
971 1828 1101 1901 SS.
1170 1827 1546 1903 Malcolmi
1605 1837 1682 1900 et
1756 1825 2216 1925 Margaretae
2279 1825 2512 1900 filium
2577 1837 2946 1920 quartum,
3012 1848 3216 1901 sacro
3291 1831 3448 1902 oleo

636 1947 895 2031 unxit3
946 1954 1022 2018 et
1052 1945 1227 2038 quia
1258 1953 1428 2017 ante
1458 1967 1704 2041 regem
1736 1944 1947 2016 illum
1980 1944 2224 2016 nullus
2267 1941 2350 2014 in
2397 1941 2640 2015 Scotia
2670 1943 2852 2040 ungi
2883 1943 3182 2028 solebat,
3230 1943 3444 2018 Heet.

634 2062 895 2134 Boeth.
929 2061 1055 2134 lib.
1093 2079 1247 2135 x11.
1280 2059 1601 2134 ,Ioannes
1635 2058 1977 2134 Leslaeus
2010 2058 2137 2131 lib.
2175 2076 2288 2131 w.
2335 2057 2388 2131 J
2387 2080 2653 2132 oannes
2687 2058 2933 2156 Major
2973 2059 3102 2134 lib.
3139 2078 3264 2134 111.
3309 2059 3447 2134 Hi·

634 2191 809 2251 stor.
862 2177 1179 2274 Magnae
1230 2176 1657 2250 Britanniae
1712 2198 1869 2269 cap.
1931 2194 2049 2249 xl.
2112 2175 2276 2248 ideo
2321 2174 2798 2251 insulsissime
2843 2177 3119 2272 colligit
3166 2174 3448 2252 Gilber-

634 2305 753 2368 tus
820 2292 1327 2366 Genebrardus
1390 2294 1473 2365 in
1539 2291 2029 2389 chronologia
2089 2291 2184 2364 ad
2250 2313 2524 2364 annum
2592 2308 2776 2363 mxc
2785 2308 2964 2364 vn1.
3024 2292 3222 2369 hunc
3277 2292 3448 2368 Sco-

634 2421 878 2485 torum
958 2431 1219 2508 regum
1298 2409 1525 2482 fuisse
1593 2410 1959 2502 primum;
2035 2407 2246 2503 quasi
2321 2409 2476 2478 sola
2537 2408 2930 2494 coronatio,
2995 2409 3246 2504 clypeo
3309 2411 3449 2484 im·

631 2525 921 2621 positio,
978 2527 1307 2610 elevatio,
1366 2547 1736 2600 armorum
1783 2525 2107 2611 traditio,
2166 2525 2606 2610 acclamatio,
2659 2547 2904 2622 regem
2954 2526 3150 2618 apud
3205 2529 3446 2602 varias

629 2651 881 2740 gentes
949 2665 1097 2715 non
1162 2642 1449 2714 faceret.
1572 2639 1713 2713 Sed
1780 2642 1978 2716 aliud
2044 2643 2262 2739 longe
2325 2641 2764 2726 mirandum,
2826 2642 3182 2715 vomicam
3245 2643 3447 2716 illam

630 2761 995 2852 impuram
1044 2757 1487 2841 stoliditatis,
1536 2757 1588 2828 J
1588 2779 1894 2830 oannem
1940 2757 2338 2842 Pitsaeum,
2385 2777 2554 2832 eum
2595 2756 2927 2854 Anglum
2973 2758 3229 2844 faeere,
3279 2781 3446 2834 cum

634 2884 915 2949 constet
948 2878 1067 2948 vel
1096 2873 1349 2948 Balaei
1398 2875 1733 2970 magistri
1781 2874 1897 2947 sui
1946 2874 2388 2960 testimonio,
2439 2876 2520 2948 in
2570 2872 2814 2947 Scotia
2859 2883 3142 2962 natum,
3193 2878 3450 2952 educa-

630 3001 813 3076 tum,
866 2992 1094 3064 vitam
1144 2989 1585 3063 eremiticam
1634 2990 1951 3076 duxisse,
2001 2990 2098 3063 ad
2146 2991 2640 3084 episcopatum
2687 3001 3165 3085 assumptum,
3217 2993 3448 3067 vitam

630 3107 992 3191 clausisse,
1026 3109 1414 3200 sepultum,
1450 3107 1759 3200 denique
1791 3107 2157 3180 miraculis
2182 3107 2630 3180 inclaruisse.
2727 3106 3072 3180 Leslaeus
3103 3109 3261 3181 loco
3290 3112 3448 3183 lau-

629 3224 800 3296 dato
845 3245 1017 3320 pag.
1070 3240 1429 3295 ccxvm.
1530 3222 1975 3296 Scotichron.
2021 3223 2146 3295 lib.
2200 3241 2314 3295 vr.
2369 3245 2526 3316 cap.
2579 3240 2848 3304 mv..
2917 3223 3170 3299 Vitam
3213 3225 3443 3319 ipsius

630 3337 979 3412 Nicolaus
1012 3340 1529 3412 Benedictinus
1562 3337 2095 3424 Dunelmensis,
2122 3341 2700 3436 congregationi·
2729 3340 3246 3428 cluniacensis,
3283 3365 3444 3416 sex-

630 3457 881 3551 aginta
912 3458 1121 3530 annis
1154 3463 1321 3549 post
1352 3455 1511 3550 ejus
1547 3463 1853 3526 mortem
1886 3456 2360 3549 conscripsit;
2414 3479 2600 3550 quae
2634 3458 2855 3530 etiam
2891 3457 3188 3531 Scotum
3217 3457 3442 3533 fuisse

630 3573 921 3648 evincit.
1024 3571 1330 3665 Scripsit

926 3688 1041 3762 De
1072 3687 1251 3762 Vita
1282 3696 1358 3760 et
1388 3687 1688 3760 Visione
1722 3685 1909 3762 Orni
2203 3689 2327 3763 lib.
2368 3709 2421 3763 1.
2527 3689 2690 3764 Hoc
2720 3713 2902 3786 opus
2936 3691 3294 3766 dedicavit
3326 3693 3443 3766 vir

1022 3814 1315 3878 sanetus
1399 3803 1719 3878 Simeoni
1802 3804 2278 3880 Dunelmensi
2349 3807 2818 3899 praecentori,
2895 3806 3114 3881 etiam
3191 3829 3439 3894 mona-

1028 3922 1186 3994 cho.

926 4038 1439 4111 Meditationes
1473 4039 1553 4110 in
1585 4036 2025 4112 Psalterium
2381 4041 2506 4112 lib.
2547 4059 2600 4112 1.
2636 4040 2893 4114 habuit
2926 4043 3121 4114 enim
3156 4062 3440 4138 semper

1024 4179 1245 4248 penes
1292 4179 1389 4240 se,
1450 4165 1525 4228 et
1574 4177 1816 4229 secum
1868 4156 2039 4229 tulit
2087 4153 2168 4224 in
2217 4156 2940 4252 peregrinationibus,
2998 4156 3440 4233 Psalterium

1023 4271 1203 4344 Divi
1239 4271 1699 4367 Hieronymi.

930 4386 1265 4483 Hymnos
1298 4388 1387 4460 de
1419 4388 1703 4461 Sanctis
2418 4388 2542 4460 lib.
2581 4406 2634 4460 1.

925 4503 1437 4598 Paraphrasim
1473 4506 1552 4578 in
1581 4504 1729 4578 Job
2351 4587 2360 4592 ,
2416 4504 2542 4578 lib.
2581 4521 2634 4575 1.

924 4619 1177 4693 Flores
1210 4619 1749 4717 Scriptmarum
2417 4621 2544 4696 lib.
2584 4638 2638 4692 1.

725 4735 1065 4811 Florebat
1096 4759 1289 4812 anno
1324 4755 1530 4812 MCX.
1568 4747 1651 4811 ut
1684 4741 1981 4812 dictum.
