4384 5817
1072 495 1197 558 124
1838 491 2306 562 HISTORIA
2351 491 3100 562 ECCLESIASTICA

1168 681 1379 756 Vivit
1410 684 1643 756 adhuc
1676 685 1755 755 in
1790 683 2050 768 Scotia,
2084 685 2210 756 sed
2253 693 2420 778 post
2462 683 2826 756 diutinum
2872 705 3224 756 carcerem
3271 686 3732 758 concionandi
3773 692 3852 760 li-

1070 801 1345 871 bertate
1376 801 1727 891 privatus,
1774 808 1861 870 ut
1892 801 2129 884 audio,
2164 802 2416 872 saltem
2453 801 2650 872 intra
2682 819 2764 872 x.
2817 801 3158 872 milliaria
3187 801 3376 872 circa
3415 805 3852 894 pomoerium

1071 914 1665 1012 Edimburgense.

1798 1146 2233 1221 ADAMUS
2280 1146 2866 1221 BLACATER.
2967 1151 3136 1218 214.

960 1431 976 1450 .
1074 1378 1439 1452 ADAMUS
1473 1379 1825 1463 Blacater,
1858 1402 2119 1477 genere
2146 1379 2394 1462 nobili,
2429 1387 2502 1450 et
2533 1381 2968 1452 nostratium
3001 1381 3150 1452 ritu
3171 1381 3492 1473 patriam
3526 1381 3856 1462 deseruit,

1073 1495 1565 1589 bonarumque
1610 1496 1875 1567 artium
1924 1494 2163 1567 studio
2217 1494 2590 1588 Europam
2645 1505 2875 1568 totam
2927 1497 3290 1579 lustravit,
3344 1494 3730 1568 cracoviae
3777 1497 3858 1566 in

1076 1611 1397 1695 Polonia,
1419 1610 1787 1683 Bononiae
1813 1613 1890 1681 in
1918 1610 2152 1694 Italia,
2179 1611 2706 1702 philosophiam
2731 1610 3120 1703 professus,
3145 1611 3224 1682 in
3257 1609 3646 1682 Germania
3667 1633 3858 1706 mag-

1071 1749 1241 1798 nam
1274 1728 1389 1798 sui
1422 1727 1693 1822 ingenii
1728 1727 2296 1798 aestimationem
2327 1727 2644 1819 reliquit,
2691 1725 3024 1798 Lutetiae
3073 1727 3358 1797 tandem
3401 1727 3745 1810 substitit,
3789 1737 3856 1798 et

1073 1853 1309 1915 rector
1354 1843 1837 1926 renunciatus,
1898 1841 2350 1913 Tornacense
2399 1843 2776 1938 collegium
2825 1843 3034 1914 rexit.
3086 1840 3277 1914 Acta
3323 1843 3636 1915 nationis
3687 1841 3855 1914 Ger-

1070 1959 1391 2030 manicae
1424 1959 1516 2028 ad
1549 1956 1644 2028 D.
1680 1957 1944 2030 Cosmi.
2046 1956 2350 2050 Scripsit

1368 2071 1967 2144 Dissertationem
1997 2097 2133 2165 pro
2164 2073 2584 2146 Alexandro
2623 2071 2898 2169 Magno
2945 2083 3194 2146 contra
3243 2072 3335 2145 Τ.
3361 2073 3586 2147 Livii
3630 2076 3854 2148 locum

1470 2212 1561 2260 ex
1595 2188 1859 2260 Decad.
1900 2207 1951 2259 1.
1986 2191 2108 2261 lib.
2147 2209 2262 2260 lx.
2361 2247 2372 2260 .
2862 2187 2986 2260 lib.
3023 2205 3076 2258 1.

1371 2307 1656 2379 Prodiit
1690 2307 2059 2403 Lugduni.

1174 2425 1457 2496 claruit
1491 2445 1681 2494 anno
1718 2440 2128 2494 Mcccx1x.

1820 2652 2464 2726 BERTRAMUS
2515 2651 2854 2726 PRIOR.
2961 2657 3132 2726 215.

1078 2889 1622 2986 ΒβΒΤΒΑΜΰε,
1658 2889 1859 2980 prior
1890 2887 1979 2959 (le
2012 2887 2513 2982 coldingham,
2539 2887 2656 2957 vir
2687 2887 2933 2981 magni
2965 2885 3110 2959 fuit
3141 2885 3476 2972 nominis,
3501 2896 3577 2959 et
3615 2888 3696 2957 in
3725 2888 3864 2958 liti-

1017 2989 1025 2996 ’
1076 3006 1212 3078 bus
1263 3005 1752 3076 ecclesiasticis
1806 3003 2277 3075 terminandis
2323 3004 2646 3095 apprime
2668 3011 3046 3086 versatus,
3091 3011 3178 3074 ut
3223 3023 3314 3073 ex
3361 3002 3664 3094 epistola
3715 3001 3866 3073 Cle-

1078 3122 1339 3193 mentis
1410 3119 1551 3190 111.
1622 3119 1978 3211 pontificis
2032 3119 2284 3210 liquet,
2344 3117 2761 3190 Glascuensi
2785 3171 2794 3180 .
2821 3125 2896 3188 et
2953 3117 3453 3190 Aberdonensi
3518 3116 3864 3210 episcopis

1078 3237 1348 3328 scripta
1406 3234 1619 3319 Pisis,
1681 3235 2031 3305 referente
2085 3233 2375 3330 Rogero
2399 3287 2407 3296 .
2427 3234 2517 3304 de
2569 3233 2923 3304 Hoveden
2989 3231 3256 3304 Annal-
3311 3241 3500 3324 part.
3529 3297 3536 3302 .
3562 3251 3650 3302 11.
3705 3254 3863 3326 pag.

1079 3367 1537 3421 cccnxvm.
1641 3350 1947 3442 Scripsit

1380 3459 1746 3558 Epistolas
1783 3466 1875 3535 ad
1910 3463 2219 3536 Lucium
2254 3475 2328 3536 et
2371 3464 2814 3537 Clementem
2858 3485 3075 3556 super
3117 3461 3642 3556 Episcoporum
3687 3461 3868 3532 Con-

1474 3581 1829 3654 troversia
2865 3579 2988 3652 lib.
3030 3598 3081 3649 1.

1186 3697 1471 3769 Floruit
1503 3719 1693 3770 anno
1730 3713 2282 3768 Mchxxvm.

1802 3924 2238 3998 THOMAS
2287 3923 2890 3999 BARCLAIUS.
2995 3923 3163 3998 216.

1094 4157 1452 4228 THOMAS
1512 4155 1885 4228 Barclaius
1941 4155 2498 4240 Aberdonensis,
2557 4155 3006 4252 Burdegalae
3069 4157 3528 4229 humaniores
3587 4181 3670 4230 ac
3727 4159 3880 4250 phi-

1088 4270 1485 4363 losophicas
1568 4289 1756 4344 artes
1839 4272 2242 4344 adolescens
2325 4281 2436 4345 est
2517 4295 2680 4343 cum
2773 4274 2984 4344 laude
3073 4271 3435 4364 professus
3527 4273 3664 4345 sub
3756 4295 3879 4344 au-

1094 4387 1336 4481 spiciis
1394 4386 1588 4458 illius
1648 4387 1965 4459 Balforei
2020 4387 2314 4480 magni3
2385 4387 2722 4460 Tolosam
2775 4397 3022 4479 postea
3092 4397 3407 4472 vocatus,
3473 4385 3881 4480 Squillanae

1094 4503 1375 4576 scholae
1440 4501 1839 4594 praefectus
1908 4512 2038 4586 est,
2107 4502 2243 4573 sub
2297 4524 2444 4594 quo
2503 4503 2682 4574 inibi
2739 4525 2874 4598 ego
2932 4503 3288 4596 stipendia
3344 4503 3661 4574 literaria
3723 4501 3878 4576 feci.
3972 4518 3987 4535 ·

1095 4619 1278 4692 Mox
1308 4616 1633 4689 animum
1668 4620 1758 4689 ad
1795 4619 1921 4712 jus
1956 4618 2260 4711 appulit,
2305 4629 2400 4700 et,
2443 4617 2634 4710 quod
2677 4617 2779 4688 ibi
2827 4639 2972 4688 non
2991 4679 3001 4688 .
3021 4617 3250 4700 licuit,
3295 4615 3683 4689 Pictonum
3731 4617 3887 4690 Au-

1094 4741 1351 4832 gustae
1418 4733 1720 4807 feliciter
1740 4821 1752 4828 ,
1770 4734 2062 4809 obvenit
2117 4742 2203 4804 ut
2255 4732 2618 4825 professor
2685 4733 2928 4828 regius
2995 4730 3241 4816 fieret3
3304 4733 3420 4803 vir
3477 4731 3887 4804 felicissima
