<?xml version="1.0" encoding="UTF-8"?>
<!DOCTYPE html PUBLIC "-//W3C//DTD XHTML 1.0 Transitional//EN"
    "http://www.w3.org/TR/xhtml1/DTD/xhtml1-transitional.dtd">
<html xmlns="http://www.w3.org/1999/xhtml" xml:lang="en" lang="en">
 <head>
  <title>
</title>
<meta http-equiv="Content-Type" content="text/html;charset=utf-8" />
  <meta name='ocr-system' content='tesseract 3.04.00' />
  <meta name='ocr-capabilities' content='ocr_page ocr_carea ocr_par ocr_line ocrx_word'/>
</head>
<body>
  <div class='ocr_page' id='page_1' title='image "./thomaedempsteri00unkngoog_0344.png"; bbox 0 0 4384 5817; ppageno 0'>
   <div class='ocr_carea' id='block_1_1' title="bbox 1220 575 3319 661">
    <p class='ocr_par' dir='ltr' id='par_1_1' title="bbox 1220 575 3319 661">
     <span class='ocr_line' id='line_1_1' title="bbox 1220 575 3319 661; baseline -0.003 -13"><span class='ocrx_word' id='word_1_1' title='bbox 1220 577 1575 648; x_wconf 88' lang='lat' dir='ltr'><strong>GENTIS</strong></span> <span class='ocrx_word' id='word_1_2' title='bbox 1622 578 2186 661; x_wconf 86' lang='lat' dir='ltr'><strong>SCOTORUM,</strong></span> <span class='ocrx_word' id='word_1_3' title='bbox 2234 577 2418 646; x_wconf 89' lang='lat' dir='ltr'><strong>LIB.</strong></span> <span class='ocrx_word' id='word_1_4' title='bbox 2467 575 2590 644; x_wconf 89' lang='lat' dir='ltr'><strong>VI.</strong></span> <span class='ocrx_word' id='word_1_5' title='bbox 3189 575 3319 642; x_wconf 73' lang='lat'><strong>277</strong></span> 
     </span>
    </p>
   </div>
   <div class='ocr_carea' id='block_1_2' title="bbox 515 767 3318 1431">
    <p class='ocr_par' dir='ltr' id='par_1_2' title="bbox 515 767 3318 1221">
     <span class='ocr_line' id='line_1_2' title="bbox 515 767 3312 854; baseline -0.003 -7"><span class='ocrx_word' id='word_1_6' title='bbox 515 798 665 847; x_wconf 86' lang='lat' dir='ltr'><strong>sam</strong></span> <span class='ocrx_word' id='word_1_7' title='bbox 736 775 993 846; x_wconf 86' lang='lat' dir='ltr'><strong>silvam</strong></span> <span class='ocrx_word' id='word_1_8' title='bbox 1063 772 1345 843; x_wconf 89' lang='lat' dir='ltr'><strong>delatus</strong></span> <span class='ocrx_word' id='word_1_9' title='bbox 1404 781 1535 854; x_wconf 88' lang='lat' dir='ltr'><strong>est,</strong></span> <span class='ocrx_word' id='word_1_10' title='bbox 1596 772 2009 845; x_wconf 88' lang='lat' dir='ltr'><strong>advenienti</strong></span> <span class='ocrx_word' id='word_1_11' title='bbox 2066 770 2357 844; x_wconf 87' lang='lat' dir='ltr'><strong>arbores</strong></span> <span class='ocrx_word' id='word_1_12' title='bbox 2416 769 2792 842; x_wconf 88' lang='lat' dir='ltr'><strong>cacumina</strong></span> <span class='ocrx_word' id='word_1_13' title='bbox 2847 767 3312 840; x_wconf 80' lang='lat' dir='ltr'><strong>inclinarunt.</strong></span> 
     </span>
     <span class='ocr_line' id='line_1_3' title="bbox 516 883 3312 981; baseline -0.003 -18"><span class='ocrx_word' id='word_1_14' title='bbox 516 910 720 963; x_wconf 85' lang='lat' dir='ltr'><strong>xvn.</strong></span> <span class='ocrx_word' id='word_1_15' title='bbox 776 890 1047 961; x_wconf 84' lang='lat' dir='ltr'>Terrae</span> <span class='ocrx_word' id='word_1_16' title='bbox 1094 888 1533 961; x_wconf 88' lang='lat' dir='ltr'><strong>mandarunt</strong></span> <span class='ocrx_word' id='word_1_17' title='bbox 1577 890 1656 960; x_wconf 91' lang='lat' dir='ltr'><strong>in</strong></span> <span class='ocrx_word' id='word_1_18' title='bbox 1705 889 2131 981; x_wconf 82' lang='lat' dir='ltr'>opacissima</span> <span class='ocrx_word' id='word_1_19' title='bbox 2180 910 2268 959; x_wconf 88' lang='lat' dir='ltr'><strong>ea</strong></span> <span class='ocrx_word' id='word_1_20' title='bbox 2315 888 2525 960; x_wconf 87' lang='lat' dir='ltr'><strong>silva.</strong></span> <span class='ocrx_word' id='word_1_21' title='bbox 2627 903 2873 957; x_wconf 79' lang='lat' dir='ltr'><strong>xvnl.</strong></span> <span class='ocrx_word' id='word_1_22' title='bbox 2925 883 3312 956; x_wconf 88' lang='lat' dir='ltr'><strong>Fundatur</strong></span> 
     </span>
     <span class='ocr_line' id='line_1_4' title="bbox 516 1003 3318 1100; baseline -0.002 -21"><span class='ocrx_word' id='word_1_23' title='bbox 516 1009 825 1090; x_wconf 87' lang='lat' dir='ltr'><strong>ecclesia,</strong></span> <span class='ocrx_word' id='word_1_24' title='bbox 860 1016 935 1078; x_wconf 91' lang='lat' dir='ltr'><strong>et</strong></span> <span class='ocrx_word' id='word_1_25' title='bbox 967 1004 1293 1100; x_wconf 88' lang='lat' dir='ltr'><strong>ingentia</strong></span> <span class='ocrx_word' id='word_1_26' title='bbox 1324 1003 1511 1077; x_wconf 90' lang='lat' dir='ltr'><strong>fiunt</strong></span> <span class='ocrx_word' id='word_1_27' title='bbox 1540 1005 1863 1099; x_wconf 86' lang='lat' dir='ltr'><strong>quotidie</strong></span> <span class='ocrx_word' id='word_1_28' title='bbox 1896 1005 2266 1076; x_wconf 83' lang='lat' dir='ltr'><strong>miracula.</strong></span> <span class='ocrx_word' id='word_1_29' title='bbox 2369 1021 2551 1076; x_wconf 83' lang='lat' dir='ltr'><strong>xlx.</strong></span> <span class='ocrx_word' id='word_1_30' title='bbox 2589 1003 3115 1074; x_wconf 85' lang='lat' dir='ltr'><strong>Miraculorum</strong></span> <span class='ocrx_word' id='word_1_31' title='bbox 3152 1024 3318 1096; x_wconf 89' lang='lat' dir='ltr'><strong>pro-</strong></span> 
     </span>
     <span class='ocr_line' id='line_1_5' title="bbox 523 1124 878 1221; baseline -0.003 -26"><span class='ocrx_word' id='word_1_32' title='bbox 523 1124 878 1221; x_wconf 55' lang='lat' dir='ltr'><strong>gressus?</strong></span> 
     </span>
    </p>

    <p class='ocr_par' dir='ltr' id='par_1_3' title="bbox 516 1234 3315 1431">
     <span class='ocr_line' id='line_1_6' title="bbox 612 1234 3315 1331; baseline -0.003 -19"><span class='ocrx_word' id='word_1_33' title='bbox 612 1239 900 1312; x_wconf 87' lang='lat' dir='ltr'><strong>Floruit</strong></span> <span class='ocrx_word' id='word_1_34' title='bbox 932 1261 1122 1311; x_wconf 90' lang='lat' dir='ltr'><strong>anno</strong></span> <span class='ocrx_word' id='word_1_35' title='bbox 1158 1255 1351 1309; x_wconf 76' lang='lat' dir='ltr'><strong>Meo.</strong></span> <span class='ocrx_word' id='word_1_36' title='bbox 1388 1251 1463 1310; x_wconf 88' lang='lat' dir='ltr'><strong>et</strong></span> <span class='ocrx_word' id='word_1_37' title='bbox 1494 1238 1689 1331; x_wconf 89' lang='lat' dir='ltr'><strong>quod</strong></span> <span class='ocrx_word' id='word_1_38' title='bbox 1721 1239 2061 1310; x_wconf 82' lang='lat' dir='ltr'><strong>excurrit.</strong></span> <span class='ocrx_word' id='word_1_39' title='bbox 2164 1235 2452 1310; x_wconf 86' lang='lat' dir='ltr'><strong>Colitur</strong></span> <span class='ocrx_word' id='word_1_40' title='bbox 2502 1237 2620 1308; x_wconf 89' lang='lat' dir='ltr'><strong>die</strong></span> <span class='ocrx_word' id='word_1_41' title='bbox 2671 1253 2912 1308; x_wconf 72' lang='lat' dir='ltr'><strong>XXIV.</strong></span> <span class='ocrx_word' id='word_1_42' title='bbox 2963 1234 3013 1308; x_wconf 87' lang='lat' dir='ltr'><strong>J</strong></span> <span class='ocrx_word' id='word_1_43' title='bbox 3014 1235 3315 1308; x_wconf 87' lang='lat' dir='ltr'><strong>anuarii.</strong></span> 
     </span>
     <span class='ocr_line' id='line_1_7' title="bbox 516 1358 897 1431; baseline -0.008 0"><span class='ocrx_word' id='word_1_44' title='bbox 516 1359 705 1431; x_wconf 88' lang='lat' dir='ltr'><strong>Acta</strong></span> <span class='ocrx_word' id='word_1_45' title='bbox 738 1358 897 1429; x_wconf 89' lang='lat' dir='ltr'><strong>loci.</strong></span> 
     </span>
    </p>
   </div>
   <div class='ocr_carea' id='block_1_3' title="bbox 1375 1552 2468 1628">
    <p class='ocr_par' dir='ltr' id='par_1_4' title="bbox 1375 1552 2468 1628">
     <span class='ocr_line' id='line_1_8' title="bbox 1375 1552 2468 1628; baseline 0.003 -3"><span class='ocrx_word' id='word_1_46' title='bbox 1375 1555 1449 1628; x_wconf 88' lang='lat' dir='ltr'><strong>S.</strong></span> <span class='ocrx_word' id='word_1_47' title='bbox 1503 1552 1929 1626; x_wconf 87' lang='lat' dir='ltr'><strong>FLOREN</strong></span> <span class='ocrx_word' id='word_1_48' title='bbox 1931 1555 2117 1628; x_wconf 88' lang='lat' dir='ltr'><strong>TIU</strong></span> <span class='ocrx_word' id='word_1_49' title='bbox 2116 1553 2191 1627; x_wconf 89' lang='lat' dir='ltr'><strong>S.</strong></span> <span class='ocrx_word' id='word_1_50' title='bbox 2295 1559 2468 1628; x_wconf 87' lang='grc'><strong>510.</strong></span> 
     </span>
    </p>
   </div>
   <div class='ocr_carea' id='block_1_4' title="bbox 514 1704 3333 4956">
    <p class='ocr_par' dir='ltr' id='par_1_5' title="bbox 514 1704 3333 4956">
     <span class='ocr_line' id='line_1_9' title="bbox 518 1704 3324 1802; baseline -0.004 -19"><span class='ocrx_word' id='word_1_51' title='bbox 518 1721 563 1754; x_wconf 89' lang='grc'><strong>“</strong></span> <span class='ocrx_word' id='word_1_52' title='bbox 603 1711 678 1783; x_wconf 89' lang='lat' dir='ltr'><strong>S.</strong></span> <span class='ocrx_word' id='word_1_53' title='bbox 717 1711 1287 1794; x_wconf 75' lang='lat' dir='ltr'><strong>FLOREN&#39;rms,</strong></span> <span class='ocrx_word' id='word_1_54' title='bbox 1324 1707 1705 1779; x_wconf 83' lang='lat' dir='ltr'><strong>Scotorum</strong></span> <span class='ocrx_word' id='word_1_55' title='bbox 1739 1708 2103 1802; x_wconf 77' lang='lat' dir='ltr'><strong>indigena,</strong></span> <span class='ocrx_word' id='word_1_56' title='bbox 2136 1707 2218 1777; x_wconf 90' lang='lat' dir='ltr'><strong>in</strong></span> <span class='ocrx_word' id='word_1_57' title='bbox 2262 1704 2436 1778; x_wconf 89' lang='lat' dir='ltr'><strong>flore</strong></span> <span class='ocrx_word' id='word_1_58' title='bbox 2471 1705 2822 1801; x_wconf 79' lang='lat' dir='ltr'><strong>juventae</strong></span> <span class='ocrx_word' id='word_1_59' title='bbox 2853 1705 3166 1798; x_wconf 89' lang='lat' dir='ltr'><strong>patriam</strong></span> <span class='ocrx_word' id='word_1_60' title='bbox 3199 1726 3324 1795; x_wconf 86' lang='lat' dir='ltr'><strong>pa·-</strong></span> 
     </span>
     <span class='ocr_line' id='line_1_10' title="bbox 516 1821 3318 1921; baseline -0.003 -23"><span class='ocrx_word' id='word_1_61' title='bbox 516 1837 895 1921; x_wconf 88' lang='lat' dir='ltr'><strong>rentesque</strong></span> <span class='ocrx_word' id='word_1_62' title='bbox 940 1827 1319 1909; x_wconf 87' lang='lat' dir='ltr'><strong>deseruit,”</strong></span> <span class='ocrx_word' id='word_1_63' title='bbox 1370 1827 1475 1896; x_wconf 91' lang='lat' dir='ltr'><strong>ait</strong></span> <span class='ocrx_word' id='word_1_64' title='bbox 1524 1822 1899 1896; x_wconf 90' lang='lat' dir='ltr'><strong>Arnoldus</strong></span> <span class='ocrx_word' id='word_1_65' title='bbox 1948 1823 2198 1895; x_wconf 84' lang='lat' dir='ltr'><strong>Uvion</strong></span> <span class='ocrx_word' id='word_1_66' title='bbox 2246 1823 2372 1894; x_wconf 88' lang='lat' dir='ltr'><strong>lib.</strong></span> <span class='ocrx_word' id='word_1_67' title='bbox 2431 1840 2556 1893; x_wconf 90' lang='lat'><strong>111.</strong></span> <span class='ocrx_word' id='word_1_68' title='bbox 2613 1821 2836 1917; x_wconf 91' lang='lat' dir='ltr'><strong>Ligni</strong></span> <span class='ocrx_word' id='word_1_69' title='bbox 2887 1821 3104 1895; x_wconf 85' lang='lat' dir='ltr'><strong>Vitae</strong></span> <span class='ocrx_word' id='word_1_70' title='bbox 3153 1842 3318 1915; x_wconf 88' lang='lat' dir='ltr'><strong>pag.</strong></span> 
     </span>
     <span class='ocr_line' id='line_1_11' title="bbox 518 1938 3324 2040; baseline -0.002 -25"><span class='ocrx_word' id='word_1_71' title='bbox 518 1961 919 2016; x_wconf 77' lang='lat' dir='ltr'><strong>cchxm.</strong></span> <span class='ocrx_word' id='word_1_72' title='bbox 1018 1941 1295 2040; x_wconf 89' lang='lat' dir='ltr'><strong>Wolfg.</strong></span> <span class='ocrx_word' id='word_1_73' title='bbox 1332 1941 1510 2014; x_wconf 83' lang='lat' dir='ltr'><strong>Laz.</strong></span> <span class='ocrx_word' id='word_1_74' title='bbox 1547 1942 1671 2012; x_wconf 92' lang='lat' dir='ltr'><strong>lib.</strong></span> <span class='ocrx_word' id='word_1_75' title='bbox 1712 1959 1867 2012; x_wconf 83' lang='lat' dir='ltr'><strong>nx.</strong></span> <span class='ocrx_word' id='word_1_76' title='bbox 1905 1939 2206 2034; x_wconf 80' lang='lat' dir='ltr'><strong>Migrat.</strong></span> <span class='ocrx_word' id='word_1_77' title='bbox 2245 1938 2460 2010; x_wconf 85' lang='lat' dir='ltr'><strong>Gent.</strong></span> <span class='ocrx_word' id='word_1_78' title='bbox 2497 1961 2664 2035; x_wconf 86' lang='lat' dir='ltr'><strong>pag.</strong></span> <span class='ocrx_word' id='word_1_79' title='bbox 2701 1955 3025 2011; x_wconf 80' lang='lat' dir='ltr'><strong>cccclx.</strong></span> <span class='ocrx_word' id='word_1_80' title='bbox 3075 1947 3119 1980; x_wconf 82' lang='lat'><strong>‘⁶</strong></span> <span class='ocrx_word' id='word_1_81' title='bbox 3155 1939 3324 2008; x_wconf 90' lang='lat' dir='ltr'><strong>Flo-</strong></span> 
     </span>
     <span class='ocr_line' id='line_1_12' title="bbox 514 2053 3316 2148; baseline -0.002 -18"><span class='ocrx_word' id='word_1_82' title='bbox 514 2061 812 2143; x_wconf 87' lang='lat' dir='ltr'><strong>rentius,</strong></span> <span class='ocrx_word' id='word_1_83' title='bbox 838 2061 1131 2132; x_wconf 89' lang='lat' dir='ltr'><strong>natione</strong></span> <span class='ocrx_word' id='word_1_84' title='bbox 1156 2057 1479 2132; x_wconf 88' lang='lat' dir='ltr'><strong>Scotus.&#39;&#39;</strong></span> <span class='ocrx_word' id='word_1_85' title='bbox 1564 2057 1827 2129; x_wconf 89' lang='lat' dir='ltr'><strong>Petrus</strong></span> <span class='ocrx_word' id='word_1_86' title='bbox 1854 2054 2331 2148; x_wconf 87' lang='lat' dir='ltr'><strong>Cratepolius.</strong></span> <span class='ocrx_word' id='word_1_87' title='bbox 2409 2054 2669 2126; x_wconf 89' lang='lat' dir='ltr'><strong>Franc.</strong></span> <span class='ocrx_word' id='word_1_88' title='bbox 2695 2054 2952 2127; x_wconf 87' lang='lat' dir='ltr'><strong>Irenic.</strong></span> <span class='ocrx_word' id='word_1_89' title='bbox 2977 2053 3316 2126; x_wconf 82' lang='lat' dir='ltr'><strong>German.</strong></span> 
     </span>
     <span class='ocr_line' id='line_1_13' title="bbox 516 2170 3318 2272; baseline -0.002 -25"><span class='ocrx_word' id='word_1_90' title='bbox 516 2175 827 2272; x_wconf 75' lang='lat' dir='ltr'><strong>ExegeS.</strong></span> <span class='ocrx_word' id='word_1_91' title='bbox 882 2177 1007 2248; x_wconf 92' lang='lat' dir='ltr'><strong>lib.</strong></span> <span class='ocrx_word' id='word_1_92' title='bbox 1064 2196 1153 2248; x_wconf 93' lang='lat'><strong>11.</strong></span> <span class='ocrx_word' id='word_1_93' title='bbox 1206 2199 1362 2269; x_wconf 91' lang='lat' dir='ltr'><strong>cap.</strong></span> <span class='ocrx_word' id='word_1_94' title='bbox 1412 2192 1645 2246; x_wconf 76' lang='lat' dir='ltr'><strong>XLVI.</strong></span> <span class='ocrx_word' id='word_1_95' title='bbox 1740 2174 2015 2245; x_wconf 89' lang='lat' dir='ltr'><strong>Anton.</strong></span> <span class='ocrx_word' id='word_1_96' title='bbox 2070 2172 2498 2244; x_wconf 89' lang='lat' dir='ltr'><strong>Demochar.</strong></span> <span class='ocrx_word' id='word_1_97' title='bbox 2552 2182 2726 2244; x_wconf 88' lang='lat' dir='ltr'><strong>tom.</strong></span> <span class='ocrx_word' id='word_1_98' title='bbox 2777 2191 2864 2245; x_wconf 92' lang='lat'><strong>11.</strong></span> <span class='ocrx_word' id='word_1_99' title='bbox 2927 2173 3016 2243; x_wconf 88' lang='lat' dir='ltr'><strong>de</strong></span> <span class='ocrx_word' id='word_1_100' title='bbox 3065 2170 3318 2242; x_wconf 83' lang='lat' dir='ltr'><strong>Sacris.</strong></span> 
     </span>
     <span class='ocr_line' id='line_1_14' title="bbox 516 2288 3320 2386; baseline -0.002 -23"><span class='ocrx_word' id='word_1_101' title='bbox 516 2293 727 2365; x_wconf 74' lang='lat' dir='ltr'><strong>Miss.</strong></span> <span class='ocrx_word' id='word_1_102' title='bbox 774 2317 929 2386; x_wconf 90' lang='lat' dir='ltr'><strong>cap.</strong></span> <span class='ocrx_word' id='word_1_103' title='bbox 980 2311 1245 2365; x_wconf 75' lang='lat' dir='ltr'><strong>XXXV.</strong></span> <span class='ocrx_word' id='word_1_104' title='bbox 1350 2291 1755 2384; x_wconf 79' lang='lat' dir='ltr'><strong>Episcopus</strong></span> <span class='ocrx_word' id='word_1_105' title='bbox 1788 2289 2352 2386; x_wconf 88' lang='lat' dir='ltr'><strong>Argentinensis</strong></span> <span class='ocrx_word' id='word_1_106' title='bbox 2384 2307 2496 2360; x_wconf 73' lang='lat' dir='ltr'><strong>IV.</strong></span> <span class='ocrx_word' id='word_1_107' title='bbox 2549 2300 2634 2362; x_wconf 91' lang='lat' dir='ltr'><strong>ut</strong></span> <span class='ocrx_word' id='word_1_108' title='bbox 2668 2288 3154 2361; x_wconf 79' lang='lat' dir='ltr'><strong>Demochares</strong></span> <span class='ocrx_word' id='word_1_109' title='bbox 3195 2288 3320 2358; x_wconf 91' lang='lat' dir='ltr'><strong>ha-</strong></span> 
     </span>
     <span class='ocr_line' id='line_1_15' title="bbox 515 2406 3324 2498; baseline -0.002 -18"><span class='ocrx_word' id='word_1_110' title='bbox 515 2410 633 2481; x_wconf 87' lang='lat' dir='ltr'><strong>bet</strong></span> <span class='ocrx_word' id='word_1_111' title='bbox 666 2411 746 2480; x_wconf 95' lang='lat' dir='ltr'><strong>in</strong></span> <span class='ocrx_word' id='word_1_112' title='bbox 780 2410 1069 2494; x_wconf 87' lang='lat' dir='ltr'><strong>tabulis,</strong></span> <span class='ocrx_word' id='word_1_113' title='bbox 1126 2409 1575 2482; x_wconf 89' lang='lat' dir='ltr'><strong>nobilissima</strong></span> <span class='ocrx_word' id='word_1_114' title='bbox 1626 2417 1827 2478; x_wconf 91' lang='lat' dir='ltr'><strong>ortus</strong></span> <span class='ocrx_word' id='word_1_115' title='bbox 1878 2407 2175 2492; x_wconf 84' lang='lat' dir='ltr'><strong>familia,</strong></span> <span class='ocrx_word' id='word_1_116' title='bbox 2231 2428 2516 2477; x_wconf 90' lang='lat' dir='ltr'><strong>summa</strong></span> <span class='ocrx_word' id='word_1_117' title='bbox 2547 2406 2954 2477; x_wconf 82' lang='lat' dir='ltr'><strong>sanctitatis</strong></span> <span class='ocrx_word' id='word_1_118' title='bbox 2989 2407 3324 2498; x_wconf 89' lang='lat' dir='ltr'><strong>opinione</strong></span> 
     </span>
     <span class='ocr_line' id='line_1_16' title="bbox 514 2521 3321 2620; baseline -0.001 -24"><span class='ocrx_word' id='word_1_119' title='bbox 514 2527 797 2598; x_wconf 87' lang='lat' dir='ltr'><strong>claruit.</strong></span> <span class='ocrx_word' id='word_1_120' title='bbox 899 2527 1335 2620; x_wconf 88' lang='lat' dir='ltr'><strong>Anonymus</strong></span> <span class='ocrx_word' id='word_1_121' title='bbox 1369 2534 1623 2596; x_wconf 87' lang='lat' dir='ltr'><strong>auctor</strong></span> <span class='ocrx_word' id='word_1_122' title='bbox 1655 2524 1847 2615; x_wconf 90' lang='lat' dir='ltr'><strong>apud</strong></span> <span class='ocrx_word' id='word_1_123' title='bbox 1881 2522 2180 2594; x_wconf 89' lang='lat' dir='ltr'><strong>Surium</strong></span> <span class='ocrx_word' id='word_1_124' title='bbox 2214 2533 2389 2594; x_wconf 88' lang='lat' dir='ltr'><strong>tom.</strong></span> <span class='ocrx_word' id='word_1_125' title='bbox 2430 2541 2544 2594; x_wconf 81' lang='lat' dir='ltr'><strong>v1.</strong></span> <span class='ocrx_word' id='word_1_126' title='bbox 2590 2524 2708 2594; x_wconf 86' lang='lat' dir='ltr'><strong>die</strong></span> <span class='ocrx_word' id='word_1_127' title='bbox 2743 2540 2890 2593; x_wconf 84' lang='lat' dir='ltr'><strong>vn.</strong></span> <span class='ocrx_word' id='word_1_128' title='bbox 2927 2521 3002 2593; x_wconf 95' lang='lat' dir='ltr'>N</span> <span class='ocrx_word' id='word_1_129' title='bbox 3003 2523 3321 2598; x_wconf 86' lang='lat' dir='ltr'><strong>ovembr.</strong></span> 
     </span>
     <span class='ocr_line' id='line_1_17' title="bbox 519 2638 3327 2737; baseline -0 -25"><span class='ocrx_word' id='word_1_130' title='bbox 519 2649 561 2681; x_wconf 76' lang='lat'><strong>‘⁸</strong></span> <span class='ocrx_word' id='word_1_131' title='bbox 610 2640 799 2712; x_wconf 88' lang='lat' dir='ltr'><strong>Cum</strong></span> <span class='ocrx_word' id='word_1_132' title='bbox 856 2641 1315 2737; x_wconf 87' lang='lat' dir='ltr'><strong>Dagobertus</strong></span> <span class='ocrx_word' id='word_1_133' title='bbox 1368 2663 1500 2711; x_wconf 84' lang='lat' dir='ltr'><strong>rex</strong></span> <span class='ocrx_word' id='word_1_134' title='bbox 1561 2641 1652 2710; x_wconf 86' lang='lat' dir='ltr'><strong>ad</strong></span> <span class='ocrx_word' id='word_1_135' title='bbox 1706 2641 1911 2735; x_wconf 87' lang='lat' dir='ltr'><strong>regni</strong></span> <span class='ocrx_word' id='word_1_136' title='bbox 1975 2638 2426 2710; x_wconf 84' lang='lat' dir='ltr'><strong>Francorum</strong></span> <span class='ocrx_word' id='word_1_137' title='bbox 2479 2639 2968 2735; x_wconf 84' lang='lat' dir='ltr'><strong>gubernacula</strong></span> <span class='ocrx_word' id='word_1_138' title='bbox 3027 2641 3327 2723; x_wconf 84' lang='lat' dir='ltr'><strong>sederet,</strong></span> 
     </span>
     <span class='ocr_line' id='line_1_18' title="bbox 514 2744 3328 2852; baseline -0 -24"><span class='ocrx_word' id='word_1_139' title='bbox 514 2757 587 2828; x_wconf 87' lang='lat' dir='ltr'><strong>S.</strong></span> <span class='ocrx_word' id='word_1_140' title='bbox 626 2757 1063 2841; x_wconf 77' lang='lat' dir='ltr'><strong>FlorentiuS,</strong></span> <span class='ocrx_word' id='word_1_141' title='bbox 1102 2781 1267 2829; x_wconf 88' lang='lat' dir='ltr'><strong>cum</strong></span> <span class='ocrx_word' id='word_1_142' title='bbox 1298 2756 1529 2828; x_wconf 87' lang='lat' dir='ltr'><strong>Beato</strong></span> <span class='ocrx_word' id='word_1_143' title='bbox 1554 2744 1990 2852; x_wconf 72' lang='lat' dir='ltr'><strong>Argobasto,</strong></span> <span class='ocrx_word' id='word_1_144' title='bbox 2027 2754 2427 2839; x_wconf 88' lang='lat' dir='ltr'><strong>Theodato,</strong></span> <span class='ocrx_word' id='word_1_145' title='bbox 2463 2765 2537 2827; x_wconf 90' lang='lat' dir='ltr'><strong>et</strong></span> <span class='ocrx_word' id='word_1_146' title='bbox 2565 2754 2994 2849; x_wconf 88' lang='lat' dir='ltr'><strong>Hildulpho,</strong></span> <span class='ocrx_word' id='word_1_147' title='bbox 3021 2779 3062 2827; x_wconf 89' lang='lat' dir='ltr'><strong>e</strong></span> <span class='ocrx_word' id='word_1_148' title='bbox 3085 2755 3328 2828; x_wconf 90' lang='lat' dir='ltr'><strong>Scotia</strong></span> 
     </span>
     <span class='ocr_line' id='line_1_19' title="bbox 516 2871 3328 2968; baseline 0 -24"><span class='ocrx_word' id='word_1_149' title='bbox 516 2875 718 2946; x_wconf 87' lang='lat' dir='ltr'><strong>venit</strong></span> <span class='ocrx_word' id='word_1_150' title='bbox 749 2877 829 2945; x_wconf 92' lang='lat' dir='ltr'><strong>in</strong></span> <span class='ocrx_word' id='word_1_151' title='bbox 862 2873 1269 2958; x_wconf 87' lang='lat' dir='ltr'><strong>Alsatiam;</strong></span> <span class='ocrx_word' id='word_1_152' title='bbox 1327 2874 1454 2945; x_wconf 92' lang='lat' dir='ltr'><strong>ubi</strong></span> <span class='ocrx_word' id='word_1_153' title='bbox 1502 2895 1666 2944; x_wconf 89' lang='lat' dir='ltr'><strong>cum</strong></span> <span class='ocrx_word' id='word_1_154' title='bbox 1720 2871 1792 2942; x_wconf 89' lang='lat' dir='ltr'><strong>S.</strong></span> <span class='ocrx_word' id='word_1_155' title='bbox 1840 2871 2314 2968; x_wconf 89' lang='lat' dir='ltr'><strong>Argobastus·</strong></span> <span class='ocrx_word' id='word_1_156' title='bbox 2337 2873 2550 2945; x_wconf 87' lang='lat' dir='ltr'><strong>datus</strong></span> <span class='ocrx_word' id='word_1_157' title='bbox 2603 2880 2790 2944; x_wconf 84' lang='lat' dir='ltr'><strong>esset</strong></span> <span class='ocrx_word' id='word_1_158' title='bbox 2838 2872 3328 2968; x_wconf 86' lang='lat' dir='ltr'><strong>Argentinen-</strong></span> 
     </span>
     <span class='ocr_line' id='line_1_20' title="bbox 517 2984 3332 3082; baseline -0.001 -20"><span class='ocrx_word' id='word_1_159' title='bbox 517 2992 579 3062; x_wconf 87' lang='lat' dir='ltr'><strong>si</strong></span> <span class='ocrx_word' id='word_1_160' title='bbox 630 2991 961 3063; x_wconf 87' lang='lat' dir='ltr'><strong>ecclesiae</strong></span> <span class='ocrx_word' id='word_1_161' title='bbox 1010 2992 1336 3074; x_wconf 88' lang='lat' dir='ltr'><strong>antistes,</strong></span> <span class='ocrx_word' id='word_1_162' title='bbox 1400 2989 1675 3062; x_wconf 86' lang='lat' dir='ltr'><strong>Beatus</strong></span> <span class='ocrx_word' id='word_1_163' title='bbox 1728 2989 2165 3072; x_wconf 88' lang='lat' dir='ltr'><strong>Florentius,</strong></span> <span class='ocrx_word' id='word_1_164' title='bbox 2219 2998 2294 3062; x_wconf 87' lang='lat' dir='ltr'><strong>et</strong></span> <span class='ocrx_word' id='word_1_165' title='bbox 2343 2988 2423 3060; x_wconf 88' lang='lat' dir='ltr'><strong>in</strong></span> <span class='ocrx_word' id='word_1_166' title='bbox 2473 2991 2679 3074; x_wconf 86' lang='lat' dir='ltr'><strong>silva,</strong></span> <span class='ocrx_word' id='word_1_167' title='bbox 2730 3012 2952 3082; x_wconf 89' lang='lat' dir='ltr'><strong>quam</strong></span> <span class='ocrx_word' id='word_1_168' title='bbox 3003 2984 3118 3060; x_wconf 87' lang='lat' dir='ltr'><strong><em>H</em></strong></span> <span class='ocrx_word' id='word_1_169' title='bbox 3108 2985 3332 3061; x_wconf 61' lang='lat' dir='ltr'><strong>maile</strong></span> 
     </span>
     <span class='ocr_line' id='line_1_21' title="bbox 517 3104 3326 3203; baseline 0 -26"><span class='ocrx_word' id='word_1_170' title='bbox 517 3116 801 3192; x_wconf 82' lang='lat' dir='ltr'><strong>vocant,</strong></span> <span class='ocrx_word' id='word_1_171' title='bbox 884 3107 1010 3180; x_wconf 90' lang='lat' dir='ltr'><strong>ubi</strong></span> <span class='ocrx_word' id='word_1_172' title='bbox 1081 3105 1413 3178; x_wconf 86' lang='lat' dir='ltr'><strong>Bruscha</strong></span> <span class='ocrx_word' id='word_1_173' title='bbox 1480 3105 1747 3178; x_wconf 81' lang='lat' dir='ltr'><strong>fluvius</strong></span> <span class='ocrx_word' id='word_1_174' title='bbox 1816 3130 1855 3177; x_wconf 94' lang='lat' dir='ltr'><strong>e</strong></span> <span class='ocrx_word' id='word_1_175' title='bbox 1921 3113 2167 3178; x_wconf 85' lang='lat' dir='ltr'><strong>monte</strong></span> <span class='ocrx_word' id='word_1_176' title='bbox 2234 3104 2528 3203; x_wconf 89' lang='lat' dir='ltr'><strong>Vosago</strong></span> <span class='ocrx_word' id='word_1_177' title='bbox 2585 3107 2932 3190; x_wconf 84' lang='lat' dir='ltr'><strong>dimanat,</strong></span> <span class='ocrx_word' id='word_1_178' title='bbox 2993 3107 3326 3178; x_wconf 88' lang='lat' dir='ltr'><strong>manibus</strong></span> 
     </span>
     <span class='ocr_line' id='line_1_22' title="bbox 520 3219 3333 3318; baseline -0.001 -22"><span class='ocrx_word' id='word_1_179' title='bbox 520 3224 669 3296; x_wconf 86' lang='lat' dir='ltr'><strong>suis</strong></span> <span class='ocrx_word' id='word_1_180' title='bbox 730 3225 969 3318; x_wconf 90' lang='lat' dir='ltr'><strong>coepit</strong></span> <span class='ocrx_word' id='word_1_181' title='bbox 1021 3233 1293 3296; x_wconf 88' lang='lat' dir='ltr'><strong>terram</strong></span> <span class='ocrx_word' id='word_1_182' title='bbox 1342 3225 1595 3308; x_wconf 90' lang='lat' dir='ltr'><strong>colere,</strong></span> <span class='ocrx_word' id='word_1_183' title='bbox 1650 3232 1735 3295; x_wconf 91' lang='lat' dir='ltr'><strong>ut</strong></span> <span class='ocrx_word' id='word_1_184' title='bbox 1791 3223 2019 3294; x_wconf 89' lang='lat' dir='ltr'><strong>victui</strong></span> <span class='ocrx_word' id='word_1_185' title='bbox 2072 3224 2473 3294; x_wconf 88' lang='lat' dir='ltr'><strong>necessaria</strong></span> <span class='ocrx_word' id='word_1_186' title='bbox 2521 3223 2875 3315; x_wconf 87' lang='lat' dir='ltr'><strong>pararet.’&#39;</strong></span> <span class='ocrx_word' id='word_1_187' title='bbox 2977 3219 3333 3296; x_wconf 68' lang='lat' dir='ltr'><strong>Constan.</strong></span> 
     </span>
     <span class='ocr_line' id='line_1_23' title="bbox 520 3337 3328 3437; baseline -0 -24"><span class='ocrx_word' id='word_1_188' title='bbox 520 3341 740 3414; x_wconf 85' lang='lat' dir='ltr'><strong>Ghin.</strong></span> <span class='ocrx_word' id='word_1_189' title='bbox 791 3363 960 3437; x_wconf 83' lang='lat' dir='ltr'><strong>pag.</strong></span> <span class='ocrx_word' id='word_1_190' title='bbox 997 3357 1289 3412; x_wconf 81' lang='lat' dir='ltr'><strong>xxcv1.</strong></span> <span class='ocrx_word' id='word_1_191' title='bbox 1348 3347 1393 3380; x_wconf 90' lang='lat'><strong>“</strong></span> <span class='ocrx_word' id='word_1_192' title='bbox 1426 3337 1499 3410; x_wconf 92' lang='lat' dir='ltr'><strong>S.</strong></span> <span class='ocrx_word' id='word_1_193' title='bbox 1553 3337 1931 3422; x_wconf 88' lang='lat' dir='ltr'><strong>Florentii,</strong></span> <span class='ocrx_word' id='word_1_194' title='bbox 1982 3338 2296 3431; x_wconf 85' lang='lat' dir='ltr'><strong>episcopi</strong></span> <span class='ocrx_word' id='word_1_195' title='bbox 2347 3341 2616 3431; x_wconf 88' lang='lat' dir='ltr'><strong>quarti,</strong></span> <span class='ocrx_word' id='word_1_196' title='bbox 2671 3340 2797 3433; x_wconf 91' lang='lat' dir='ltr'><strong>qui</strong></span> <span class='ocrx_word' id='word_1_197' title='bbox 2847 3362 3110 3436; x_wconf 82' lang='lat' dir='ltr'><strong>genere</strong></span> <span class='ocrx_word' id='word_1_198' title='bbox 3161 3339 3328 3412; x_wconf 87' lang='lat' dir='ltr'><strong>Sco-</strong></span> 
     </span>
     <span class='ocr_line' id='line_1_24' title="bbox 519 3454 3325 3551; baseline 0 -23"><span class='ocrx_word' id='word_1_199' title='bbox 519 3459 704 3548; x_wconf 82' lang='lat' dir='ltr'><strong>tus.”</strong></span> <span class='ocrx_word' id='word_1_200' title='bbox 830 3457 1093 3530; x_wconf 89' lang='lat' dir='ltr'><strong>Subdit</strong></span> <span class='ocrx_word' id='word_1_201' title='bbox 1160 3457 1407 3529; x_wconf 89' lang='lat' dir='ltr'><strong>eadem</strong></span> <span class='ocrx_word' id='word_1_202' title='bbox 1474 3479 1659 3550; x_wconf 89' lang='lat' dir='ltr'><strong>quae</strong></span> <span class='ocrx_word' id='word_1_203' title='bbox 1726 3455 2005 3526; x_wconf 89' lang='lat' dir='ltr'><strong>Surius.</strong></span> <span class='ocrx_word' id='word_1_204' title='bbox 2108 3454 2298 3528; x_wconf 89' lang='lat' dir='ltr'><strong>Vide</strong></span> <span class='ocrx_word' id='word_1_205' title='bbox 2357 3457 2700 3528; x_wconf 87' lang='lat' dir='ltr'><strong>historiae</strong></span> <span class='ocrx_word' id='word_1_206' title='bbox 2759 3458 3038 3540; x_wconf 89' lang='lat' dir='ltr'><strong>seriem,</strong></span> <span class='ocrx_word' id='word_1_207' title='bbox 3106 3479 3325 3551; x_wconf 88' lang='lat' dir='ltr'><strong>quam</strong></span> 
     </span>
     <span class='ocr_line' id='line_1_25' title="bbox 520 3571 3323 3669; baseline 0.001 -26"><span class='ocrx_word' id='word_1_208' title='bbox 520 3575 597 3644; x_wconf 90' lang='lat' dir='ltr'><strong>in</strong></span> <span class='ocrx_word' id='word_1_209' title='bbox 646 3576 1007 3667; x_wconf 89' lang='lat' dir='ltr'><strong>epitomen</strong></span> <span class='ocrx_word' id='word_1_210' title='bbox 1056 3574 1353 3668; x_wconf 49' lang='lat' dir='ltr'><strong>redegit,</strong></span> <span class='ocrx_word' id='word_1_211' title='bbox 1387 3573 1647 3644; x_wconf 90' lang='lat' dir='ltr'><strong>Franc.</strong></span> <span class='ocrx_word' id='word_1_212' title='bbox 1708 3571 2061 3656; x_wconf 81' lang='lat' dir='ltr'><strong>Haraeus,</strong></span> <span class='ocrx_word' id='word_1_213' title='bbox 2120 3575 2330 3669; x_wconf 85' lang='lat' dir='ltr'><strong>cujus</strong></span> <span class='ocrx_word' id='word_1_214' title='bbox 2389 3595 2676 3644; x_wconf 88' lang='lat' dir='ltr'><strong>summa</strong></span> <span class='ocrx_word' id='word_1_215' title='bbox 2723 3583 2876 3646; x_wconf 83' lang='lat' dir='ltr'><strong>est:</strong></span> <span class='ocrx_word' id='word_1_216' title='bbox 2927 3571 3323 3669; x_wconf 90' lang='lat' dir='ltr'><strong>Dagoberti</strong></span> 
     </span>
     <span class='ocr_line' id='line_1_26' title="bbox 518 3689 3327 3787; baseline 0 -26"><span class='ocrx_word' id='word_1_217' title='bbox 518 3691 711 3787; x_wconf 88' lang='lat' dir='ltr'><strong>regis</strong></span> <span class='ocrx_word' id='word_1_218' title='bbox 744 3689 933 3761; x_wconf 82' lang='lat' dir='ltr'><strong>filiae</strong></span> <span class='ocrx_word' id='word_1_219' title='bbox 968 3689 1323 3774; x_wconf 87' lang='lat' dir='ltr'><strong>Rathildi,</strong></span> <span class='ocrx_word' id='word_1_220' title='bbox 1358 3712 1603 3762; x_wconf 88' lang='lat' dir='ltr'><strong>caecae</strong></span> <span class='ocrx_word' id='word_1_221' title='bbox 1636 3699 1713 3761; x_wconf 89' lang='lat' dir='ltr'><strong>et</strong></span> <span class='ocrx_word' id='word_1_222' title='bbox 1742 3697 2010 3774; x_wconf 87' lang='lat' dir='ltr'><strong>mutae,</strong></span> <span class='ocrx_word' id='word_1_223' title='bbox 2045 3690 2286 3762; x_wconf 85' lang='lat' dir='ltr'><strong>visum</strong></span> <span class='ocrx_word' id='word_1_224' title='bbox 2321 3701 2396 3764; x_wconf 90' lang='lat' dir='ltr'><strong>et</strong></span> <span class='ocrx_word' id='word_1_225' title='bbox 2441 3712 2688 3762; x_wconf 84' lang='lat' dir='ltr'><strong>vocem</strong></span> <span class='ocrx_word' id='word_1_226' title='bbox 2733 3690 3100 3776; x_wconf 81' lang='lat' dir='ltr'><strong>restituit3</strong></span> <span class='ocrx_word' id='word_1_227' title='bbox 3154 3713 3327 3762; x_wconf 86' lang='lat' dir='ltr'><strong>mox</strong></span> 
     </span>
     <span class='ocr_line' id='line_1_27' title="bbox 520 3803 3326 3901; baseline 0.001 -24"><span class='ocrx_word' id='word_1_228' title='bbox 520 3807 889 3879; x_wconf 84' lang='lat' dir='ltr'><strong>excedenti</strong></span> <span class='ocrx_word' id='word_1_229' title='bbox 924 3805 1302 3891; x_wconf 85' lang='lat' dir='ltr'><strong>Rothario,</strong></span> <span class='ocrx_word' id='word_1_230' title='bbox 1342 3816 1427 3878; x_wconf 92' lang='lat' dir='ltr'><strong>ut</strong></span> <span class='ocrx_word' id='word_1_231' title='bbox 1459 3806 1771 3877; x_wconf 88' lang='lat' dir='ltr'><strong>Balaeus</strong></span> <span class='ocrx_word' id='word_1_232' title='bbox 1804 3807 1930 3889; x_wconf 85' lang='lat' dir='ltr'><strong>ait,</strong></span> <span class='ocrx_word' id='word_1_233' title='bbox 1966 3815 2095 3878; x_wconf 89' lang='lat' dir='ltr'><strong>aut</strong></span> <span class='ocrx_word' id='word_1_234' title='bbox 2129 3808 2372 3879; x_wconf 87' lang='lat' dir='ltr'><strong>verius</strong></span> <span class='ocrx_word' id='word_1_235' title='bbox 2407 3805 2483 3876; x_wconf 92' lang='lat' dir='ltr'><strong>S.</strong></span> <span class='ocrx_word' id='word_1_236' title='bbox 2521 3803 2956 3901; x_wconf 91' lang='lat' dir='ltr'><strong>Argobast0,</strong></span> <span class='ocrx_word' id='word_1_237' title='bbox 2983 3809 3326 3881; x_wconf 87' lang='lat' dir='ltr'><strong>successit</strong></span> 
     </span>
     <span class='ocr_line' id='line_1_28' title="bbox 519 3922 3326 4018; baseline 0.001 -24"><span class='ocrx_word' id='word_1_238' title='bbox 519 3925 595 3994; x_wconf 89' lang='lat' dir='ltr'><strong>in</strong></span> <span class='ocrx_word' id='word_1_239' title='bbox 632 3923 1048 4016; x_wconf 89' lang='lat' dir='ltr'><strong>episcopatu</strong></span> <span class='ocrx_word' id='word_1_240' title='bbox 1080 3922 1641 4018; x_wconf 79' lang='lat' dir='ltr'><strong>Argentinensi3</strong></span> <span class='ocrx_word' id='word_1_241' title='bbox 1694 3946 1952 4015; x_wconf 88' lang='lat' dir='ltr'><strong>corpus</strong></span> <span class='ocrx_word' id='word_1_242' title='bbox 1988 3946 2159 3995; x_wconf 87' lang='lat' dir='ltr'><strong>vero</strong></span> <span class='ocrx_word' id='word_1_243' title='bbox 2191 3924 2550 3995; x_wconf 86' lang='lat' dir='ltr'><strong>divinitus</strong></span> <span class='ocrx_word' id='word_1_244' title='bbox 2591 3923 3004 3995; x_wconf 88' lang='lat' dir='ltr'><strong>admonitus</strong></span> <span class='ocrx_word' id='word_1_245' title='bbox 3037 3923 3326 3997; x_wconf 86' lang='lat' dir='ltr'><strong>Rhaeto</strong></span> 
     </span>
     <span class='ocr_line' id='line_1_29' title="bbox 521 4035 3324 4137; baseline 0.003 -27"><span class='ocrx_word' id='word_1_246' title='bbox 521 4040 915 4111; x_wconf 86' lang='lat' dir='ltr'><strong>transtulit.</strong></span> <span class='ocrx_word' id='word_1_247' title='bbox 1010 4035 1293 4130; x_wconf 87' lang='lat' dir='ltr'><strong>Gaspar</strong></span> <span class='ocrx_word' id='word_1_248' title='bbox 1348 4035 1773 4122; x_wconf 88' lang='lat' dir='ltr'><strong>Bruschius,</strong></span> <span class='ocrx_word' id='word_1_249' title='bbox 1828 4051 1903 4113; x_wconf 89' lang='lat' dir='ltr'><strong>et</strong></span> <span class='ocrx_word' id='word_1_250' title='bbox 1962 4042 2426 4115; x_wconf 86' lang='lat' dir='ltr'><strong>Sebastianus</strong></span> <span class='ocrx_word' id='word_1_251' title='bbox 2474 4042 2922 4124; x_wconf 89' lang='lat' dir='ltr'><strong>Munsterus,</strong></span> <span class='ocrx_word' id='word_1_252' title='bbox 2969 4043 3095 4137; x_wconf 89' lang='lat' dir='ltr'><strong>qui</strong></span> <span class='ocrx_word' id='word_1_253' title='bbox 3157 4045 3324 4118; x_wconf 89' lang='lat' dir='ltr'><strong>licet</strong></span> 
     </span>
     <span class='ocr_line' id='line_1_30' title="bbox 519 4153 3324 4252; baseline 0.003 -28"><span class='ocrx_word' id='word_1_254' title='bbox 519 4156 705 4226; x_wconf 87' lang='lat' dir='ltr'><strong>male</strong></span> <span class='ocrx_word' id='word_1_255' title='bbox 771 4155 859 4225; x_wconf 88' lang='lat' dir='ltr'><strong>de</strong></span> <span class='ocrx_word' id='word_1_256' title='bbox 926 4153 1065 4224; x_wconf 91' lang='lat' dir='ltr'><strong>fide</strong></span> <span class='ocrx_word' id='word_1_257' title='bbox 1131 4154 1418 4238; x_wconf 89' lang='lat' dir='ltr'><strong>sentiat,</strong></span> <span class='ocrx_word' id='word_1_258' title='bbox 1486 4156 1753 4247; x_wconf 92' lang='lat' dir='ltr'><strong>quippe</strong></span> <span class='ocrx_word' id='word_1_259' title='bbox 1811 4158 2250 4252; x_wconf 87' lang='lat' dir='ltr'><strong>jamdudum</strong></span> <span class='ocrx_word' id='word_1_260' title='bbox 2315 4159 2786 4251; x_wconf 86' lang='lat' dir='ltr'><strong>proscriptus,</strong></span> <span class='ocrx_word' id='word_1_261' title='bbox 2853 4157 3324 4233; x_wconf 86' lang='lat' dir='ltr'><strong>nihilominus</strong></span> 
     </span>
     <span class='ocr_line' id='line_1_31' title="bbox 519 4268 3328 4370; baseline 0.002 -29"><span class='ocrx_word' id='word_1_262' title='bbox 519 4271 607 4343; x_wconf 89' lang='lat' dir='ltr'><strong>de</strong></span> <span class='ocrx_word' id='word_1_263' title='bbox 639 4270 777 4342; x_wconf 86' lang='lat' dir='ltr'><strong>hoc</strong></span> <span class='ocrx_word' id='word_1_264' title='bbox 808 4280 1057 4342; x_wconf 89' lang='lat' dir='ltr'><strong>sancto</strong></span> <span class='ocrx_word' id='word_1_265' title='bbox 1089 4268 1208 4362; x_wconf 91' lang='lat' dir='ltr'><strong>pie</strong></span> <span class='ocrx_word' id='word_1_266' title='bbox 1240 4271 1587 4362; x_wconf 91' lang='lat' dir='ltr'><strong>loquitur.</strong></span> <span class='ocrx_word' id='word_1_267' title='bbox 1663 4270 1933 4346; x_wconf 88' lang='lat' dir='ltr'><strong>Chron.</strong></span> <span class='ocrx_word' id='word_1_268' title='bbox 1970 4273 2307 4346; x_wconf 88' lang='lat' dir='ltr'><strong>Chronic.</strong></span> <span class='ocrx_word' id='word_1_269' title='bbox 2342 4296 2509 4370; x_wconf 87' lang='lat' dir='ltr'><strong>pag.</strong></span> <span class='ocrx_word' id='word_1_270' title='bbox 2549 4289 2916 4347; x_wconf 82' lang='lat' dir='ltr'><strong>Dccxcn.</strong></span> <span class='ocrx_word' id='word_1_271' title='bbox 2978 4283 3024 4317; x_wconf 89' lang='lat'><strong>“</strong></span> <span class='ocrx_word' id='word_1_272' title='bbox 3058 4275 3130 4346; x_wconf 91' lang='lat' dir='ltr'><strong>S.</strong></span> <span class='ocrx_word' id='word_1_273' title='bbox 3160 4275 3328 4348; x_wconf 89' lang='lat' dir='ltr'><strong>Flo-</strong></span> 
     </span>
     <span class='ocr_line' id='line_1_32' title="bbox 524 4385 3328 4485; baseline 0.001 -26"><span class='ocrx_word' id='word_1_274' title='bbox 524 4387 801 4459; x_wconf 88' lang='lat' dir='ltr'><strong>rentius</strong></span> <span class='ocrx_word' id='word_1_275' title='bbox 826 4385 1083 4457; x_wconf 90' lang='lat' dir='ltr'><strong>Scotus</strong></span> <span class='ocrx_word' id='word_1_276' title='bbox 1108 4385 1332 4471; x_wconf 86' lang='lat' dir='ltr'><strong>nobili</strong></span> <span class='ocrx_word' id='word_1_277' title='bbox 1359 4387 1637 4459; x_wconf 89' lang='lat' dir='ltr'><strong>familia</strong></span> <span class='ocrx_word' id='word_1_278' title='bbox 1650 4389 1709 4459; x_wconf 84' lang='lat'><strong>:”</strong></span> <span class='ocrx_word' id='word_1_279' title='bbox 1743 4397 1816 4461; x_wconf 87' lang='lat' dir='ltr'><strong>et</strong></span> <span class='ocrx_word' id='word_1_280' title='bbox 1839 4412 2005 4485; x_wconf 88' lang='lat' dir='ltr'><strong>pag.</strong></span> <span class='ocrx_word' id='word_1_281' title='bbox 2037 4407 2524 4461; x_wconf 81' lang='lat' dir='ltr'><strong>Dcccxxvn.</strong></span> <span class='ocrx_word' id='word_1_282' title='bbox 2574 4399 2620 4431; x_wconf 86' lang='lat'><strong>“</strong></span> <span class='ocrx_word' id='word_1_283' title='bbox 2639 4408 2804 4462; x_wconf 86' lang='lat' dir='ltr'><strong>cum</strong></span> <span class='ocrx_word' id='word_1_284' title='bbox 2825 4391 2916 4462; x_wconf 88' lang='lat' dir='ltr'><strong>ad</strong></span> <span class='ocrx_word' id='word_1_285' title='bbox 2942 4413 3106 4462; x_wconf 91' lang='lat' dir='ltr'><strong>eum</strong></span> <span class='ocrx_word' id='word_1_286' title='bbox 3128 4414 3328 4484; x_wconf 90' lang='lat' dir='ltr'><strong>pere-</strong></span> 
     </span>
     <span class='ocr_line' id='line_1_33' title="bbox 521 4501 3326 4600; baseline 0.002 -27"><span class='ocrx_word' id='word_1_287' title='bbox 521 4503 987 4600; x_wconf 87' lang='lat' dir='ltr'><strong>grinarentur</strong></span> <span class='ocrx_word' id='word_1_288' title='bbox 1031 4501 1248 4573; x_wconf 89' lang='lat' dir='ltr'><strong>multi</strong></span> <span class='ocrx_word' id='word_1_289' title='bbox 1288 4501 1507 4587; x_wconf 88' lang='lat' dir='ltr'><strong>Scoti,</strong></span> <span class='ocrx_word' id='word_1_290' title='bbox 1554 4506 1656 4596; x_wconf 90' lang='lat' dir='ltr'><strong>pii</strong></span> <span class='ocrx_word' id='word_1_291' title='bbox 1704 4514 1779 4577; x_wconf 89' lang='lat' dir='ltr'><strong>et</strong></span> <span class='ocrx_word' id='word_1_292' title='bbox 1830 4507 2020 4578; x_wconf 90' lang='lat' dir='ltr'><strong>docti</strong></span> <span class='ocrx_word' id='word_1_293' title='bbox 2070 4507 2422 4590; x_wconf 88' lang='lat' dir='ltr'><strong>homines,</strong></span> <span class='ocrx_word' id='word_1_294' title='bbox 2474 4507 2878 4581; x_wconf 84' lang='lat' dir='ltr'><strong>aedificavit</strong></span> <span class='ocrx_word' id='word_1_295' title='bbox 2912 4509 3086 4600; x_wconf 83' lang='lat' dir='ltr'><strong>ipsis</strong></span> <span class='ocrx_word' id='word_1_296' title='bbox 3121 4530 3326 4599; x_wconf 87' lang='lat' dir='ltr'><strong>prae-</strong></span> 
     </span>
     <span class='ocr_line' id='line_1_34' title="bbox 520 4618 3327 4718; baseline 0.002 -28"><span class='ocrx_word' id='word_1_297' title='bbox 520 4621 792 4690; x_wconf 88' lang='lat' dir='ltr'><strong>clarum</strong></span> <span class='ocrx_word' id='word_1_298' title='bbox 826 4618 1247 4689; x_wconf 89' lang='lat' dir='ltr'><strong>coenobium</strong></span> <span class='ocrx_word' id='word_1_299' title='bbox 1282 4620 1373 4689; x_wconf 90' lang='lat' dir='ltr'><strong>ad</strong></span> <span class='ocrx_word' id='word_1_300' title='bbox 1410 4641 1694 4692; x_wconf 88' lang='lat' dir='ltr'><strong>amnem</strong></span> <span class='ocrx_word' id='word_1_301' title='bbox 1724 4621 2164 4695; x_wconf 89' lang='lat' dir='ltr'><strong>Bruschium</strong></span> <span class='ocrx_word' id='word_1_302' title='bbox 2188 4624 2254 4708; x_wconf 87' lang='lat'><strong>;”</strong></span> <span class='ocrx_word' id='word_1_303' title='bbox 2287 4625 2405 4695; x_wconf 88' lang='lat' dir='ltr'><strong>hic</strong></span> <span class='ocrx_word' id='word_1_304' title='bbox 2429 4646 2694 4717; x_wconf 89' lang='lat' dir='ltr'><strong>quaeso</strong></span> <span class='ocrx_word' id='word_1_305' title='bbox 2718 4625 2896 4718; x_wconf 88' lang='lat' dir='ltr'><strong>quid</strong></span> <span class='ocrx_word' id='word_1_306' title='bbox 2921 4625 3327 4696; x_wconf 88' lang='lat' dir='ltr'><strong>mendicent</strong></span> 
     </span>
     <span class='ocr_line' id='line_1_35' title="bbox 522 4735 3326 4836; baseline 0.002 -30"><span class='ocrx_word' id='word_1_307' title='bbox 522 4735 860 4808; x_wconf 88' lang='lat' dir='ltr'><strong>Hirlandi</strong></span> <span class='ocrx_word' id='word_1_308' title='bbox 885 4736 921 4807; x_wconf 71' lang='grc' dir='ltr'><strong>ἱ)</strong></span> <span class='ocrx_word' id='word_1_309' title='bbox 1051 4735 1377 4818; x_wconf 85' lang='lat' dir='ltr'><strong>Quartus</strong></span> <span class='ocrx_word' id='word_1_310' title='bbox 1436 4739 1737 4811; x_wconf 87' lang='lat' dir='ltr'><strong>antistes</strong></span> <span class='ocrx_word' id='word_1_311' title='bbox 1786 4739 2345 4836; x_wconf 86' lang='lat' dir='ltr'><strong>Argentinensis</strong></span> <span class='ocrx_word' id='word_1_312' title='bbox 2395 4739 2586 4828; x_wconf 80' lang='lat' dir='ltr'><strong>fuit3</strong></span> <span class='ocrx_word' id='word_1_313' title='bbox 2649 4743 2834 4812; x_wconf 90' lang='lat' dir='ltr'><strong>male</strong></span> <span class='ocrx_word' id='word_1_314' title='bbox 2885 4742 3097 4812; x_wconf 90' lang='lat' dir='ltr'><strong>aliter</strong></span> <span class='ocrx_word' id='word_1_315' title='bbox 3149 4762 3326 4811; x_wconf 87' lang='lat' dir='ltr'><strong>non-</strong></span> 
     </span>
     <span class='ocr_line' id='line_1_36' title="bbox 521 4853 3324 4956; baseline 0.003 -34"><span class='ocrx_word' id='word_1_316' title='bbox 521 4853 699 4923; x_wconf 90' lang='lat' dir='ltr'><strong>nulli</strong></span> <span class='ocrx_word' id='word_1_317' title='bbox 750 4853 1097 4938; x_wconf 83' lang='lat' dir='ltr'><strong>sentiunt,</strong></span> <span class='ocrx_word' id='word_1_318' title='bbox 1152 4861 1226 4923; x_wconf 89' lang='lat' dir='ltr'><strong>et</strong></span> <span class='ocrx_word' id='word_1_319' title='bbox 1276 4853 1354 4924; x_wconf 92' lang='lat' dir='ltr'><strong>in</strong></span> <span class='ocrx_word' id='word_1_320' title='bbox 1404 4855 1521 4926; x_wconf 89' lang='lat' dir='ltr'><strong>his</strong></span> <span class='ocrx_word' id='word_1_321' title='bbox 1570 4853 1783 4928; x_wconf 88' lang='lat' dir='ltr'><strong>Joan.</strong></span> <span class='ocrx_word' id='word_1_322' title='bbox 1820 4855 2163 4929; x_wconf 87' lang='lat' dir='ltr'><strong>Leslaeus</strong></span> <span class='ocrx_word' id='word_1_323' title='bbox 2197 4857 2323 4931; x_wconf 90' lang='lat' dir='ltr'><strong>lib.</strong></span> <span class='ocrx_word' id='word_1_324' title='bbox 2362 4873 2474 4930; x_wconf 78' lang='lat' dir='ltr'><strong>IV.</strong></span> <span class='ocrx_word' id='word_1_325' title='bbox 2529 4879 2695 4953; x_wconf 89' lang='lat' dir='ltr'><strong>pag.</strong></span> <span class='ocrx_word' id='word_1_326' title='bbox 2733 4875 3028 4930; x_wconf 82' lang='lat' dir='ltr'><strong>eanl.</strong></span> <span class='ocrx_word' id='word_1_327' title='bbox 3132 4854 3324 4956; x_wconf 88' lang='lat' dir='ltr'><strong>Ejus</strong></span> 
     </span>
    </p>
   </div>
  </div>
 </body>
</html>
