4384 5817
1322 573 1677 645 GENTIS
1724 570 2280 655 SCOTORUM,
2329 570 2510 640 LIB.
2557 572 2640 637 V.
3241 568 3373 638 267

886 765 1284 861 Theologia
1316 764 1687 838 Platonica
2369 763 2494 835 lib.
2532 782 2584 835 1.

888 880 1353 973 Philosophia
1382 882 1683 974 antiqua
2360 878 2486 951 lib.
2525 898 2578 950 1.
2613 887 2688 954 et
2718 878 2861 951 alia
2890 878 3269 971 permulta.

636 1120 649 1127 -
687 998 973 1071 Floruit
1004 1018 1194 1069 anno
1234 1013 1422 1067 Mm.
1458 1005 1585 1069 aut
1619 1005 1903 1090 praeter
1933 1005 2248 1091 propter.
2973 1104 3024 1141 a·

1257 1229 1349 1303 B.
1399 1188 1771 1303 EVAN‘x
1818 1226 2410 1301 MARBODUS.
2514 1225 2692 1307 496.

588 1468 633 1501 ‘⁸
653 1458 743 1529 B.
771 1456 1085 1532 EVANx
1107 1459 1524 1546 Marbodus,
1543 1460 2148 1544 humanioribus,”
2168 1460 2274 1533 ait
2293 1459 2624 1545 Balaeus,
2649 1470 2694 1503 “
2712 1461 2943 1533 literis
2967 1462 3368 1533 instructis-

583 1575 874 1646 simus.'’
917 1575 1164 1648 Uvion
1193 1578 1273 1647 in
1304 1577 1663 1672 adjunctis
1694 1578 1788 1649 ad
1818 1576 2138 1673 Lignum
2172 1573 2390 1649 Vitae
2419 1598 2586 1672 pag.
2623 1594 3137 1649 Dcchxxm.
3186 1574 3369 1649 falso

580 1692 909 1787 ‘Anglum
939 1690 1139 1776 facit,
1184 1714 1347 1765 cum
1394 1715 1638 1766 omnes
1688 1694 1907 1766 etiam
1954 1691 2183 1789 Angli
2231 1692 2371 1783 ipsi
2421 1694 2869 1765 consentiant
2917 1691 3214 1765 Scotum
3263 1716 3370 1763 ω-

582 1826 709 1891 se3
762 1828 937 1899 prae
984 1808 1145 1879 aliis
1189 1806 1517 1881 Renatus
1564 1808 1997 1882 Benedictus
2028 1808 2155 1880 lib.
2199 1807 2288 1878 de
2319 1804 2516 1881 Vitis
2557 1806 2686 1880 SS.
2730 1806 3125 1893 Gallorum,
3173 1810 3368 1907 quod

526 1997 539 2007 .
582 1943 763 2014 opus
822 1920 1168 1995 Latinum
1228 1924 1399 1997 fecit
1460 1922 1825 1997 Paschalis
1883 1922 2235 1995 Robinus.
2355 1922 2570 1995 Adde
2625 1922 3107 2017 Epitaphium
3163 1922 3363 1995 Mar-

582 2037 749 2109 bodi
790 2038 885 2109 ab
925 2036 1195 2132 Ogiero
1242 2040 1571 2132 episcopo
1603 2038 2133 2134 Andegavensi.
2237 2036 2696 2111 Praeclarum
2743 2041 2832 2111 de
2881 2062 2966 2111 eo
3014 2049 3125 2112 est
3173 2040 3364 2134 apud

580 2151 1021 2245 sylvestrem
1080 2152 1481 2247 Gyraldum
1536 2155 1661 2226 lib.
1723 2172 1799 2225 V.
1858 2152 2143 2246 Speculi
2192 2151 2554 2227 Ecclesiae
2601 2176 2754 2247 cap.
2815 2172 2990 2227 XVI.
3019 2156 3368 2227 ,testimo-

578 2270 833 2341 nium:
902 2278 947 2311 “
989 2269 1360 2343 Bonarum
1409 2272 1786 2342 literarum
1844 2268 2189 2366 magister
2239 2270 2588 2355 eruditus,
2639 2273 2904 2343 colores
2952 2270 3364 2354 rhetoricae,

580 2393 653 2457 et
682 2394 835 2457 tam
872 2384 1257 2457 verborum
1289 2408 1511 2480 quam
1544 2388 2063 2459 sententiarum
2112 2386 2633 2472 exornationes,
2684 2386 3010 2458 versibus
3057 2386 3364 2483 egregiis

580 2498 1031 2573 declaravit.”
1150 2500 1430 2572 Eadem
1496 2524 1677 2594 pene
1742 2501 1977 2573 Lilius
2042 2500 2405 2595 Gyraldus
2465 2501 2949 2575 Feri-ariensis
3007 2523 3220 2594 opere
3275 2502 3364 2573 de

578 2612 823 2686 Poetis
856 2615 1167 2689 Latinis.
1267 2616 1605 2688 Laudant
1649 2640 1814 2689 eum
1853 2615 2275 2689 Vincentius
2316 2616 2846 2689 Bellovacensis
2895 2625 2971 2688 et
3017 2615 3362 2688 Albertus

578 2728 987 2815 Crantzius,
1038 2733 1165 2805 sed
1216 2732 1385 2804 libri
1438 2756 1587 2806 non
1640 2745 1812 2806 sunt
1860 2735 1953 2805 ad
1992 2754 2312 2804 manum.
2412 2729 2734 2806 Virtutis
2784 2732 3042 2805 merito
3099 2731 3365 2825 episco-

577 2846 812 2938 palem
858 2846 1201 2920 honorem
1245 2849 1440 2941 apud
1490 2848 1967 2933 Aremoricus,
2018 2848 2468 2920 Redonensis
2517 2850 2820 2921 antistes
2865 2857 3168 2933 creatus,
3218 2870 3368 2920 non

576 2963 821 3035 minus
856 2964 973 3056 pie
1006 2986 1225 3056 quam
1276 2965 1647 3057 splendide
1686 2967 1932 3061 gessit,
1986 2973 2072 3036 ut
2118 2965 2426 3037 historia
2474 2963 2900 3036 Britannica
2945 2962 3366 3036 Aremorica

578 3086 909 3151 testatur.
1034 3078 1246 3151 Sixto
1296 3079 1593 3151 Senensi
1641 3081 1764 3153 lib.
1820 3099 1929 3153 IV.
1984 3080 2474 3153 Bibliothecae
2531 3074 2962 3151 Marbadus
3011 3080 3236 3165 audit,
3287 3092 3362 3151 et

578 3188 1031 3265 Redenmis
1059 3196 1385 3280 antistes,
1422 3205 1507 3266 ut
1543 3205 1615 3268 et
1650 3195 2099 3269 Trithemius
2130 3197 2256 3267 lib.
2293 3196 2392 3267 de
2413 3194 2832 3290 Scriptorib.
2874 3192 3356 3267 Ecclesiastic.

575 3331 739 3404 pag.
803 3327 1137 3381 chxv1.
1219 3320 1295 3383 et
1358 3282 1555 3385 hunc
1618 3314 1908 3383 annales
1974 3320 2332 3447 nostrates
2385 3312 2740 3383 indictum
2791 3310 3358 3403 illaudatumque

574 3426 761 3495 male
790 3426 1213 3499 omiserunt.
1314 3424 1505 3521 Ejus
1538 3438 1753 3501 sunt.

868 3538 960 3610 In
995 3539 1413 3615 Passionem
1448 3542 1947 3615 Thebaeorum
2347 3546 2471 3619 lib.
2509 3564 2564 3617 1.
2599 3568 2834 3619 versu.

875 3654 965 3727 In
1000 3657 1300 3729 Cantica
1332 3656 1795 3731 Canticorum
2352 3663 2476 3733 lib.
2515 3678 2566 3731 1.
2601 3663 2866 3753 triplici
2898 3674 3136 3735 sensu.

868 3770 983 3843 De
1013 3772 1413 3865 Lapidibus
1448 3784 1521 3844 et
1555 3773 1877 3847 Gemmis
2352 3778 2478 3849 lib.
2517 3796 2569 3848 1.
2605 3778 2798 3869 quod
2851 3801 3031 3871 opus
3083 3780 3202 3851 alii
3249 3782 3355 3853 in-

964 3896 1077 3959 ter
1111 3886 1419 3960 Graecos
1452 3898 1847 3972 tentarunt,
1882 3888 2277 3985 Dionysius
2325 3892 2747 3975 Corinthius
2796 3894 2988 3986 apud
3037 3894 3354 3979 Suidam,

964 4012 1040 4075 et
1098 4000 1583 4077 Philostratus
1640 4006 1917 4095 primus
1974 4005 2608 4104 Lithognomicum
2665 4010 2912 4093 edidit,
2962 4012 3038 4084 id
3087 4021 3216 4096 est,
3268 4013 3356 4085 de

964 4118 1293 4213 gemmis,
1328 4119 1520 4212 apud
1554 4120 1881 4191 eundem.

872 4232 1213 4305 Carmina
1242 4234 1677 4305 sententiosa
2355 4240 2478 4311 lib.
2515 4258 2568 4311 1.

868 4348 983 4419 De
1016 4346 1193 4420 Vita
1224 4346 1299 4418 S.
1338 4348 1777 4443 Magnobodi
1810 4348 2155 4445 Episcopi
2186 4352 2755 4451 Andegavensis.

868 4462 983 4535 De
1013 4462 1191 4535 Vita
1222 4462 1297 4534 S.
1332 4461 1711 4537 Laurentii
2229 4470 2352 4541 lib.
2391 4490 2443 4541 1.
2480 4494 2717 4545 versu.
2819 4472 3122 4549 Secutus
3143 4478 3356 4549 estin

969 4577 1084 4651 his
1104 4576 1549 4650 Eucherium
1562 4578 2141 4675 Lugdunensem,
2155 4584 2396 4677 inquit
2421 4583 2838 4683 Sigebertus
2869 4590 2947 4661 in
2973 4590 3350 4663 Chronico.

674 4694 1011 4767 Florebat
1030 4714 1219 4765 anno
1242 4709 1479 4764 ΜΕΝ.
1508 4694 1643 4766 sub
1671 4694 1987 4769 Henrico
2018 4696 2159 4767 111.
2186 4699 2640 4791 imperatore,
2667 4707 2784 4776 vel
2811 4722 2960 4777 ML.
2996 4704 3349 4779 Trithem.

575 4812 689 4879 vel
758 4826 1135 4883 Mcxxln.
1205 4809 1321 4881 vel
1390 4824 1587 4879 nel..
1658 4808 1923 4885 Uvion.
2032 4812 2123 4885 In
2188 4836 2356 4887 eum
2421 4827 2714 4909 patrum
2769 4822 3113 4893 memoria
3163 4842 3352 4893 com-
