4384 5817
1240 567 1598 638 GENTIS
1644 565 2208 640 sco'roRUM,
2257 567 2438 634 LIB.
2480 565 2600 632 VI.
3199 561 3322 625 281

522 787 613 836 ex
644 763 693 836 J
694 765 915 836 odoco
946 761 1323 848 Metzlero,
1362 761 1715 832 monacho
1746 759 1821 832 S.
1856 758 2092 832 Galli:
2130 753 2545 852 Noggerus
2576 757 2760 827 male
2792 779 2839 826 a
2873 755 3168 826 Molano
3203 776 3327 826 vo-

522 887 733 952 catur
764 880 843 950 in
877 875 1255 949 Addition.
1292 877 1385 948 ad
1418 874 1743 947 Usuardi
1774 876 2252 970 Martyrolog.
2286 875 2520 968 pridie
2553 894 2778 944 nonas
2816 870 3146 955 Martias,
3181 893 3327 964 quo

523 997 641 1069 die
680 995 911 1068 sancti
956 993 1179 1090 hujus
1233 994 1581 1066 memoria
1627 993 1987 1064 recolitur.
2090 989 2446 1088 Aegidius
2499 989 2830 1060 Tscudus
2865 988 2946 1058 in
2990 985 3330 1078 Descrip-

522 1115 719 1186 tione
778 1110 1133 1184 Rhaetiae
1190 1110 1505 1201 Alpinae
1572 1130 1725 1202 cap.
1790 1126 1943 1179 ΧΠ.
2072 1105 2220 1178 Hic
2283 1116 2551 1191 noster,
2619 1101 2756 1178 ets'i
2823 1103 2949 1176 SS.
3025 1125 3326 1176 numero

524 1230 904 1322 ascriptus,
952 1235 1065 1299 tot
1114 1226 1481 1298 miraculis
1534 1227 1874 1320 inclytuS,
1924 1234 2036 1297 tot
2067 1223 2670 1294 monasteriorum
2705 1229 2778 1294 et
2811 1219 3326 1292 monachorum

531 1354 757 1437 pater,
808 1353 1025 1435 atque
1077 1345 1299 1414 etiam
1346 1343 1843 1414 celeberrimae
1886 1342 2125 1437 gentis
2172 1340 2564 1433 apostoluS,
2617 1349 2860 1410 tamen
2895 1362 2940 1408 a
2974 1347 3328 1430 martyro-

524 1459 735 1554 logiis
768 1459 1127 1542 omnibuS,
1172 1459 1367 1552 quod
1412 1459 1657 1541 sciam,
1706 1457 1908 1528 abest
1956 1457 2301 1549 antiquie.
2404 1454 2804 1528 Meminere
2852 1456 3044 1526 inter
3093 1477 3328 1525 recen-

526 1576 741 1648 tiores
792 1573 991 1647 Petr.
1044 1573 1477 1660 Galesinius,
1538 1582 1612 1646 et
1663 1573 1885 1645 Felic.
1938 1573 2019 1644 in
2067 1571 2676 1668 Ephemeridibus
2727 1590 2838 1644 vl.
2891 1573 3007 1643 die
3049 1570 3325 1642 Martii.

530 1691 830 1786 Scripsit

827 1805 1391 1879 Exhortationes
1424 1808 1771 1900 quasdam
2419 1801 2543 1875 lib.
2585 1821 2637 1874 1.

826 1923 1221 2016 Praecepta
1255 1923 1344 1994 ad
1380 1923 1779 1996 Monachos
2168 1911 2175 1920 ’
2421 1921 2546 1992 lib.
2587 1939 2638 1992 1.

825 2040 949 2110 Ad
982 2038 1457 2134 Augustanos
2255 2055 2266 2064 ·
2420 2037 2544 2108 lib.
2588 2056 2638 2110 ῐ.

829 2154 1020 2226 Acta
1051 2154 1147 2227 D.
1188 2153 1461 2227 Hilarii
2423 2155 2549 2225 lib.
2591 2174 2641 2226 1.

630 2269 943 2343 Vivebat
975 2295 1166 2344 anno
1201 2290 1596 2344 ccccxcv.
1636 2280 1766 2342 aut
1786 2288 1999 2372 jux.
2070 2271 2378 2342 Arnold.
2415 2271 2539 2342 lib.
2573 2289 2695 2342 111.
2723 2271 2890 2368 Lig.
2915 2269 3134 2343 Vitae
3165 2293 3331 2366 pag.

538 2405 770 2460 Lx1x.

1367 2587 1441 2660 S.
1497 2587 2228 2692 FRIDEGANDIS.
2333 2592 2502 2660 515.

534 2737 609 2810 S.
648 2739 1297 2810 FRIDEGANDEM
1331 2737 1627 2810 Scotum
1648 2759 1810 2819 ,non
1843 2746 1995 2834 tam
2029 2738 2378 2809 omissum
2413 2759 2458 2807 a
2483 2737 2993 2834 Martyrologii
3021 2737 3340 2810 Romani

536 2856 907 2928 collectore
971 2854 1308 2938 demiror,
1394 2875 1614 2948 quam
1684 2855 1777 2930 ab
1860 2853 2232 2926 annalium
2315 2854 2754 2925 nostratium
2835 2855 3384 2947 scriptoribus-

540 2971 732 3064 apud
766 2993 949 3064 quos
982 2971 1216 3041 altum
1249 2970 1339 3041 de
1374 2971 1500 3042 illo
1542 2981 1653 3044 est
1696 2972 2088 3044 silentium.
2195 2969 2374 3041 Fuit
2418 2971 2537 3041 hic
2584 2971 2659 3042 S.
2697 2972 2996 3044 Fursaei
3048 2973 3339 3066 collega,

536 3095 608 3158 et
666 3087 899 3158 socius
962 3087 1565 3182 peregrinationis
1614 3089 1695 3160 in
1745 3087 2033 3171 Scotia;
2094 3111 2258 3159 cum
2328 3088 2455 3159 illo
2513 3089 2877 3173 educatus,
2940 3089 3019 3158 in
3082 3087 3341 3159 Hiber-

537 3203 733 3274 niam
767 3222 931 3276 cum
964 3203 1093 3274 illo
1125 3203 1435 3298 trajecit,
1474 3204 1641 3276 inde
1674 3206 1921 3276 eodem
1957 3205 2219 3276 comite
2253 3205 2332 3273 in
2365 3202 2638 3276 Gallias
2673 3205 3038 3276 transivit.
3142 3203 3343 3274 Ano-

542 3339 807 3412 nymus
856 3326 1110 3390 auctor
1144 3318 1225 3388 in
1274 3317 1349 3388 S.
1404 3318 1743 3390 Mononis
1793 3318 1969 3390 Vita
2018 3344 2063 3392 a
2112 3319 2330 3391 Surio
2377 3323 2648 3392 relatus
2682 3321 2798 3391 die
2831 3339 3047 3392 xxu.
3086 3321 3339 3404 Octob.

538 3443 711 3506 tom.
748 3453 826 3506 V.
925 3432 1117 3506 Vide
1150 3455 1373 3528 supra
1403 3435 1481 3506 in
1516 3435 1591 3506 S.
1628 3435 1956 3508 Foillano
1991 3459 2035 3506 a
2068 3459 2183 3506 me
2217 3439 2466 3507 relata.
2569 3434 2641 3505 J.
2681 3435 2772 3506 B.
2819 3436 3216 3530 Grammay
3265 3438 3344 3507 in

539 3550 947 3644 Antverpia
982 3551 1107 3623 lib.
1150 3570 1239 3622 11.
1276 3574 1431 3645 cap.
1470 3571 1559 3625 11.
1622 3561 1667 3594 “
1700 3551 1887 3624 Cum
1933 3552 2030 3626 D.
2068 3551 2400 3624 Foillano
2446 3575 2536 3624 ex
2570 3552 2811 3626 Scotia
2843 3553 3204 3644 profectus
3252 3553 3343 3624 B.

544 3667 1069 3762 FrideganduS,
1120 3668 1309 3760 apud
1366 3667 1867 3741 Ambiuaritos
1918 3669 2378 3764 evangelium
2427 3671 2984 3764 promulgavit.”
3083 3669 3174 3741 In
3222 3671 3347 3740 illo

542 3794 783 3856 tractu
816 3782 1239 3854 coenobium
1278 3781 1627 3867 Hadscot,
1678 3784 2023 3876 oppidum
2070 3784 2483 3867 Scotenum,
2519 3784 2794 3889 familia
2829 3785 3090 3857 nobilis
3123 3787 3348 3857 Mals-

542 3909 679 3985 cot,
718 3907 805 3971 ut
839 3898 954 3969 vir
985 3898 1241 3970 doctus
1277 3900 1532 3983 voluit,
1567 3897 1923 3973 Scoticam
1956 3902 2311 3996 originem
2347 3901 2639 3973 babent.
2676 3901 2983 3974 Aubert.
3023 3903 3344 3976 Miraeus

542 4015 631 4086 de
688 4015 1223 4088 canonicorum
1286 4013 1627 4111 Collegiis
1683 4032 1895 4088 xvn.
1998 4027 2043 4060 “
2103 4016 2342 4088 Locus
2397 4019 2473 4089 in
2533 4041 2680 4110 quo
2736 4017 2812 4091 S.
2869 4003 3347 4116 Fridegandis

547 4131 875 4224 quiescit,
926 4139 1035 4202 est
1080 4132 1599 4202 monasterium
1652 4134 1743 4204 ad
1794 4117 2035 4204 Sabim
2090 4132 2418 4216 fluvium,
2469 4133 2682 4204 hodie
2732 4133 3130 4218 Sambram,
3181 4159 3228 4206 a
3261 4133 3346 4206 B.

548 4246 911 4330 Amando,
934 4247 1271 4338 episcopo
1298 4245 1769 4341 Trajectensi,
1794 4249 1875 4318 in
1900 4247 2242 4322 honorem
2278 4248 2368 4319 B.
2398 4247 2599 4320 Petri
2631 4259 3146 4338 constructum,
3175 4253 3350 4324 duo-

552 4363 687 4434 bus
721 4361 1153 4434 milliaribus
1184 4385 1231 4432 a
1266 4360 1658 4447 Namurco,
1692 4364 1817 4435 ubi
1852 4365 2254 4459 antiquitus
2287 4363 2512 4436 fuisse
2546 4371 3176 4464 congregationem
3202 4394 3350 4441 mo-

560 4477 829 4549 nastice
865 4478 1227 4548 viventem
1265 4478 1501 4568 ipsum
1538 4499 1797 4550 nomen
1832 4479 2121 4564 indicat,
2156 4483 2282 4554 sed
2317 4505 2510 4554 nunc
2541 4493 2654 4555 est
2685 4483 3090 4581 Collegium
3116 4487 3349 4558 Cano-

546 4594 928 4666 nissarum.
982 4593 1124 4666 Est
1150 4605 1393 4666 autem
1417 4595 1711 4667 celebris
1732 4595 1805 4668 S.
1832 4596 1971 4666 viri
1994 4601 2338 4670 memoria
2355 4599 2432 4669 in
2446 4597 2798 4684 Turvino,
2827 4605 3046 4698 vulgo
3068 4599 3354 4688 Dor-ne,

550 4709 743 4802 apud
776 4707 1303 4816 Antverpiam:
1354 4710 1456 4781 ibi
1490 4712 1685 4783 enim
1720 4713 2029 4806 quievit.
2066 4714 2438 4808 ferturque
2471 4717 2534 4788 is
2569 4718 2766 4789 locus
2800 4722 3028 4791 muris
3079 4723 3354 4793 cinctus

550 4823 795 4909 fuisse,
832 4847 997 4896 cum
1032 4827 1123 4898 iis
1160 4828 1396 4898 adhuc
1431 4823 1840 4920 Antverpia
1884 4839 2177 4902 careret.
2281 4831 2447 4914 Qua
2494 4841 2737 4904 autem
2789 4835 2877 4906 de
2927 4859 3143 4908 causa
3191 4837 3357 4909 inde

4311 5331 4321 5443 *A*
