4384 5817
1378 651 1735 720 GENTIS
1782 648 2344 730 SCOTORUM,
2392 647 2573 716 LIB.
2625 648 2782 714 VII.
3366 645 3496 710 333

790 839 999 916 vivit
1033 843 1289 928 adhuc,
1323 853 1397 916 et
1430 845 1519 916 de
1552 866 1777 937 pravo
1810 843 1890 914 in
1922 842 2137 914 fidem
2170 839 2618 914 catholicam
2669 839 2926 954 effectu
2979 839 3159 912 mihi
3209 860 3490 931 suspec-

694 969 836 1042 tuS,
872 969 945 1030 et
977 961 1243 1033 nollem
1280 969 1522 1033 tantas
1558 963 1761 1034 dotes
1795 969 1947 1033 tam
1981 959 2113 1032 vili
2148 959 2483 1054 contagio
2515 957 2894 1050 supprimi.
3039 959 3048 970 “

1492 1193 1541 1265 J
1545 1191 1837 1265 OANN
1839 1191 1965 1263 ES
2013 1187 2418 1263 GRAIUS.
2525 1185 2694 1260 625.

694 1424 743 1496 J
750 1443 1085 1498 OANNES
1120 1425 1385 1499 Graius
1430 1424 2097 1506 HaddintoniensiS,
2133 1420 2564 1492 Parisiensis
2609 1420 3008 1516 theologuS,
3043 1431 3138 1506 et,
3173 1431 3254 1494 ut
3289 1436 3488 1514 puto,

695 1539 791 1610 D.
830 1540 1193 1615 Francisci
1226 1541 1472 1616 frater.
1576 1539 1881 1632 Scripsit
1914 1541 2145 1611 multa
2175 1558 2194 1609 t
2247 1539 2326 1608 in
2359 1535 2504 1620 his,
2641 1611 2648 1616 ,

995 1656 1107 1728 De
1142 1656 1437 1754 Figuris
1472 1659 1877 1728 Bibliorum
2386 1651 2511 1722 lib.
2553 1669 2604 1720 1.

996 1774 1228 1866 Super
1260 1773 1739 1847 Sacramentis
2390 1768 2514 1840 lib.
2553 1784 2606 1837 Ι.

996 1887 1339 1962 Carmina
1370 1891 1574 1961 varia
2387 1887 2512 1959 lib.
2550 1904 2603 1958 1.
2731 1885 2963 1960 Extat
3053 1891 3496 1986 epigramma

1096 2007 1287 2100 apud
1352 2005 1751 2078 Henricum
1806 2003 2034 2078 Villot
2094 2003 2400 2100 Belgam
2458 2001 2770 2074 Athenis
2822 2003 3266 2077 Orthodoxis
3325 2029 3492 2104 pag.

1097 2137 1506 2193 ccxxxnt.
1541 2122 1737 2216 quod
1768 2120 2168 2214 praefixum
2205 2118 2584 2191 Thesauro
2618 2115 3153 2216 Theologorum
3185 2120 3237 2192 J
3238 2125 3490 2194 oannis

1094 2235 1382 2309 Picardi
1416 2236 1900 2320 Franciscani,
1935 2236 2241 2332 dignum
2275 2244 2386 2308 est
2417 2234 2612 2329 quod
2643 2244 3096 2325 apponaturz

1225 2429 1379 2504 Quis
1403 2451 1558 2512 rogo,
1586 2445 1707 2491 tam
1732 2429 1977 2501 nitidus,
2005 2449 2244 2512 superas
2269 2439 2390 2488 tam
2417 2429 2612 2489 cultus
2637 2429 2701 2487 in
2726 2447 2872 2498 oras,

1302 2526 1656 2606 Summaque
1682 2525 1981 2587 doctorum
2005 2523 2170 2586 venit
2192 2525 2261 2584 in
2285 2543 2384 2584 ora
2408 2523 2577 2592 liber,

1228 2619 1572 2701 Hesperius,
1602 2620 1833 2691 Gallus,
1862 2619 2214 2690 Germanus,
2239 2628 2304 2678 et
2333 2616 2544 2688 Italus,
2577 2615 2828 2694 Angla&

1304 2715 1642 2786 Armenius,
1672 2713 1898 2786 scotus,
1928 2713 2215 2783 Persicus,
2247 2712 2451 2783 Indus,
2478 2713 2672 2774 Arabs
2690 2719 2716 2772 ?

1228 2809 1339 2869 Cui
1366 2820 1489 2870 tam
1516 2809 1901 2890 multigenam
1926 2807 2033 2870 soli
2058 2809 2198 2869 lieet
2223 2829 2368 2878 esse,
2396 2807 2642 2870 Joannis

1310 2903 1540 2964 Picardi
1564 2906 1673 2966 hoe
1700 2905 1894 2966 virtus
1917 2903 2339 2985 ingeniumque
2360 2903 2520 2965 feeit.

804 3085 1089 3158 Floruit
1122 3107 1313 3157 anno
1352 3103 1609 3157 unm.

1458 3315 2011 3388 ROBERTUS
2060 3315 2478 3389 GRIMUS.
2586 3315 2755 3391 626.

704 3549 1150 3619 ROBERTUS
1185 3547 1482 3620 Grimus
1514 3549 1679 3642 quis
1712 3547 1956 3632 fuerit,
1998 3554 2127 3620 aut
2157 3547 2286 3620 ubi
2321 3549 2610 3634 vixerit,
2661 3573 2807 3644 qua
2842 3551 3034 3622 vitae
3069 3551 3495 3636 conditione,

704 3687 851 3736 non
883 3664 1339 3756 deprehendi.
1444 3661 1606 3735 Hoc
1638 3673 1925 3736 tantum
1956 3671 2151 3736 certo
2182 3673 2486 3748 constat,
2521 3665 2888 3758 scripsisse

1005 3778 1095 3848 In
1130 3779 1372 3850 omnia
1405 3773 1810 3874 Evangelia
1984 3778 2110 3850 lib.
2148 3797 2205 3851 1.
2303 3779 2586 3852 Auctor
2619 3781 3104 3855 Bibliothecae
3138 3780 3497 3856 classicae

1100 3917 1267 3990 pag.
1303 3911 1699 3966 ccnxxw.

804 4007 1013 4083 Vivit
1044 4009 1280 4082 adhuc
1312 4009 1394 4082 in
1429 4008 1859 4084 Germaniis.

1504 4330 1511 4336 ·
1655 4317 1881 4374 FINIS
1918 4319 2151 4376 LIBRI
2188 4321 2556 4377 snr'rnss.
