4384 5817
68 5751 74 5787 ν-
68 5725 70 5730 ·
68 5683 70 5702 -
67 5503 80 5678 -—-=-—-—-

1205 621 1562 693 GENTIS
1607 621 2170 700 SCOTORUM,
2218 620 2401 688 LIB.
2448 620 2569 686 IV.
3168 617 3293 683 231

1181 811 1304 871 Hic
1331 811 1538 872 Sootus
1556 811 1722 890 jaceo
1747 811 1926 870 ss-el
1953 809 2239 890 sepultus,
2360 875 2367 886 ,

1181 905 1265 966 Et
1290 907 1380 966 bis
1406 917 1691 977 mortuus,
1717 907 1986 966 omnibus
2011 904 2287 986 sophistis

1183 1002 1456 1081 Argutus
1480 1000 1686 1081 magis,
1713 1011 1891 1082 atque
1917 1001 2227 1082 captiosus.

495 1171 638 1242 Sed
669 1178 745 1242 et
777 1169 1067 1241 Latomi
1101 1177 1302 1240 extat
1333 1189 1622 1240 carmen
1666 1168 2060 1260 illepidum,
2104 1167 2522 1259 insipidum,
2572 1188 2655 1237 ac
2698 1167 3099 1257 impostura
3149 1164 3301 1255 ple·

497 1309 696 1370 num,
731 1308 864 1358 nec
893 1287 1040 1382 legi
1072 1286 1398 1381 dignum,
1433 1285 1574 1355 nisi
1610 1293 1695 1356 ut
1738 1282 2155 1379 arrogantia
2196 1292 2270 1354 et
2313 1282 2727 1379 ignorantia
2768 1279 3054 1352 obscuri
3104 1288 3299 1350 tene-

500 1401 774 1474 brionis
809 1410 1201 1498 arguatur:

1024 1581 1394 1661 Quacunque
1417 1579 1662 1641 humani
1685 1581 1940 1652 fuerant,
1960 1579 2230 1662 jurisque
2255 1579 2485 1651 sacrati,

1101 1677 1180 1736 In
1213 1677 1460 1737 dubium
1485 1675 1734 1736 veniunt
1761 1685 1971 1736 cuncta
1993 1687 2237 1736 vocante
2264 1676 2455 1736 Scoto-

1025 1771 1194 1846 Quid
1209 1775 1236 1830 ?
1277 1769 1455 1851 quod,
1482 1781 1544 1832 et
1569 1771 1636 1830 in
1659 1771 1907 1831 dubium
1931 1770 2094 1832 illius
2119 1772 2199 1832 sit
2224 1772 2349 1832 vita
2373 1781 2595 1841 vocata,

1103 1867 1301 1930 Morte
1325 1867 1497 1926 illum
1523 1865 1702 1926 simili
1727 1865 2068 1927 ludificante
2093 1866 2349 1947 stropha,

923 1969 934 1980 ‘
1032 1963 1188 2023 Cum
1212 1983 1329 2023 non
1349 1973 1490 2022 ante
1514 1962 1708 2022 virum
1734 1961 1858 2020 vita
1875 1960 2166 2040 jugularit
2194 1961 2488 2043 adempta,

1103 2057 1300 2133 Quam
1328 2057 1498 2117 vivus
1523 2057 1753 2118 tumulo
1778 2057 2047 2118 conditus
2072 2055 2177 2118 ille
2202 2057 2372 2118 foret.

501 2229 792 2310 Quanto
825 2227 1068 2299 verius
1104 2223 1552 2318 epitaphium
1588 2224 1745 2318 ejus
1780 2224 2361 2295 vetustissimum
2392 2224 2407 2293 !

1027 2371 1340 2432 Clauditur
1363 2370 1463 2430 hic
1485 2369 1665 2441 rivus,
1691 2369 1822 2429 fons
1847 2367 2142 2439 ecelesiae,
2169 2369 2286 2439 via,
2312 2368 2483 2429 vivus

1031 2467 1254 2528 Doctor
1270 2465 1566 2545 justitiae,
1593 2463 1778 2526 studii
1803 2463 1926 2535 flos,
1951 2483 2084 2524 arca
2109 2464 2367 2544 sophiae,

1039 2562 1286 2642 Ingenio
1311 2560 1613 2630 scandens,
1640 2559 1960 2640 scripturae
1986 2559 2186 2620 abdita
2210 2558 2508 2640 pandens:

1033 2655 1180 2718 Dux
1207 2657 1328 2718 fuit
1353 2655 1453 2718 hic
1479 2655 1640 2728 cleri,
1667 2654 1906 2716 claustri
1931 2653 2060 2726 lux,
2085 2664 2150 2716 et
2174 2655 2322 2716 tuba
2346 2655 2488 2716 veri.

503 2804 867 2878 Henricus
899 2803 1214 2880 Suinton
1247 2805 1551 2878 Scotus:

1035 2935 1287 3015 Pingere
1313 2936 1406 2998 vis
1431 2935 1694 3008 Scotum,
1723 2935 1998 3018 Sophiam
2023 2935 2309 3018 depinge:
2354 2937 2629 3018 Sophiam

1113 3031 1364 3111 Pingere
1388 3031 1500 3103 vis,
1529 3030 1768 3092 Scotum
1795 3031 2008 3112 pinge;
2061 3033 2277 3114 Sophia
2304 3033 2529 3094 Scotus.

601 3165 1038 3238 Summatim
1089 3187 1180 3236 ex
1231 3165 1504 3237 Matth.
1559 3165 1866 3236 Ferchio
1914 3165 2259 3261 Veglensi
2308 3168 2464 3236 loco
2509 3164 2808 3237 laudato
2856 3186 3021 3260 pag.
3074 3181 3311 3236 xux.

503 3283 662 3377 ejus
694 3283 942 3354 laudes
967 3303 1409 3375 percurram.
1517 3279 1846 3352 Antonio
1879 3281 2278 3352 Possevino
2306 3282 2648 3352 laudatur
2675 3289 2720 3323 ‘⁶
2744 3281 3011 3352 eximia
3040 3281 3318 3352 modes-

505 3399 632 3482 tia,
659 3398 998 3484 charitaS,
1029 3399 1256 3470 animi
1281 3398 1686 3493 integritas.
1695 3397 1732 3426 ''
1803 3395 2194 3468 Guilielmo
2218 3395 2707 3491 Eisengrinio,
2736 3407 2782 3439 ‘⁶
2806 3395 2971 3468 fidei
2996 3395 3317 3468 Catholi-

507 3535 630 3586 cae
653 3513 1030 3606 professio,
1057 3515 1476 3586 exercitatio
1501 3513 1579 3584 in
1604 3512 1853 3584 divina
1877 3513 2100 3608 lege.''
2185 3510 2618 3596 Trithemio‚
2646 3521 2689 3554 ‘⁶
2715 3513 3039 3584 studiosa
3062 3513 3321 3582 caeles-

503 3630 694 3702 tium
719 3630 1245 3722 scripturarum
1271 3630 1647 3702 eruditio.”
1719 3628 1942 3700 Petro
1968 3628 2377 3711 Tartareto,
2409 3636 2455 3668 ‘⁶
2478 3637 2933 3720 contemptus
2960 3628 3153 3698 vitae
3178 3648 3312 3718 pro

497 3745 794 3840 justitia
825 3756 898 3820 et
931 3746 1362 3840 aequitate-'⁹
1460 3745 1820 3817 Chronico
1853 3744 2356 3829 Franciscano,
2394 3753 2440 3787 ‘⁴
2472 3745 2923 3836 paupertatis
2957 3744 3322 3838 evangeli-

507 3885 632 3934 cae
656 3863 1088 3956 opulentia.”
1165 3861 1362 3934 Guil.
1389 3861 1745 3944 Voriloni‚
1774 3869 1819 3903 ‘⁶
1843 3882 2108 3956 magna
2133 3861 2580 3933 obedientiae
2602 3860 3051 3960 propensio.”
3141 3858 3321 3930 Bar-

508 3978 914 4050 tholomaeo
935 3977 1226 4063 Pisano,
1252 3987 1297 4020 ‘⁶
1317 3977 1648 4050 educatio
1668 3979 1747 4048 in
1767 3978 2016 4048 divino
2043 3978 2267 4061 cultu,
2288 3987 2363 4048 et
2386 3976 2741 4071 religiosis
2765 3975 3320 4048 functionibus.”

510 4090 1175 4188 Epigrammatario
1193 4094 1491 4175 incerte,
1514 4101 1561 4134 ‘⁶
1582 4094 1776 4164 vitae
1795 4092 2249 4165 coelibatus?
2318 4093 2586 4185 Philip.
2610 4115 2655 4163 a
2674 4091 2853 4163 Sosa
2876 4101 2922 4133 ‘⁶
2942 4100 3175 4163 morte
3198 4113 3321 4160 ve-

509 4208 963 4293 nerabilem‚”
995 4206 1367 4282 Antonius
1391 4207 1724 4280 Andreas
1761 4217 1805 4276 3⁶
1825 4210 2172 4281 memoria
2198 4209 2715 4292 benedictum?
2748 4205 3156 4280 Gonsalvus
3184 4204 3324 4279 Ge-

509 4323 774 4394 neralis
809 4330 853 4365 “
889 4325 1044 4397 vita
1073 4323 1571 4408 laudabilem?
1605 4331 1887 4396 vocant.
1973 4322 2261 4416 Scripta
2292 4325 2450 4420 ejus
2483 4321 2535 4394 J
2536 4324 2723 4396 osias
2758 4321 3108 4396 Simlerus
3144 4323 3320 4395 haec

509 4448 886 4511 numeratz

807 4555 1042 4648 Super
1077 4555 1486 4629 Sententiae
2250 4555 2376 4628 lib.
2416 4573 2525 4626 lv.

810 4668 1244 4753 Quodlibeta
2250 4672 2376 4744 lib.
2416 4690 2469 4743 1.

809 4783 924 4856 De
957 4785 1388 4883 cognitione
1420 4787 1560 4860 Dei
2256 4787 2381 4861 lib.
2420 4805 2474 4858 1.

809 4899 902 4973 In
935 4901 1510 4998 Metaphysicam
1543 4901 2018 4987 Quaestiones
2249 4902 2376 4976 lib.
2414 4922 2468 4974 1.
2582 4929 2589 4936 ·

1832 5023 1880 5090 2
1917 5036 1979 5090 Η
