4384 5817
1040 515 1127 586 96
1802 511 2274 582 HISTORIA
2317 510 3070 586 ECCLESIASTICA

1638 697 2296 774 ALEXANDER
2345 698 2982 776 BARCLAYUS.
3090 705 3258 780 1⁷2.

1048 831 1092 860 ‘⁶
1119 819 1669 892 ALEXANDER
1689 816 2113 912 Barclayus,
2134 817 2399 891 nobilis
2423 825 2498 889 et
2519 814 2854 912 egregius
2877 825 3114 910 poeta,
3152 826 3226 890 et
3249 815 3556 914 insignis
3579 829 3858 900 orator,

1046 946 1261 1030 gente
1294 934 1573 1018 Scotus,
1608 932 1743 1008 sub
1778 931 2019 1006 Maria
2050 933 2306 1030 regina
2333 931 2660 1018 decessit,
2695 931 2836 1016 vel,
2873 939 2958 1004 ut
2991 931 3114 1004 alii
3151 933 3432 1015 volunt,
3465 931 3602 1007 sub
3631 931 3859 1004 finem

1048 1049 1375 1122 Eduardi
1408 1049 1581 1122 V1.”
1615 1049 1855 1144 inquit
1890 1047 2384 1123 Holinshedus
2420 1046 2618 1120 Hist.
2655 1067 2826 1144 pag.
2867 1063 3284 1121 Muccxlx.
3365 1046 3690 1141 Scripsit

1344 1165 1729 1238 Orationes
1765 1163 2003 1238 varias
2932 1161 3060 1237 lib.
3100 1181 3152 1235 1.

1341 1281 1687 1352 Poemata
1716 1279 1921 1352 varia
2937 1277 3062 1352 lib.
3101 1297 3153 1350 1.

1344 1395 1459 1467 De
1492 1394 1673 1467 Fide
1706 1394 2131 1469 Orthodoxa
2935 1394 3063 1467 lib.
3101 1413 3154 1464 1.

1144 1511 1351 1584 Vixit
1384 1511 1461 1582 in
1497 1506 1791 1605 Anglia,
1824 1510 2065 1604 patria
2094 1533 2230 1584 sua
2259 1511 2630 1607 religionis
2653 1533 2828 1608 ergo
2857 1511 3132 1602 pulsus,
3167 1517 3240 1581 et
3273 1509 3410 1582 sub
3441 1531 3658 1584 aureo
3685 1511 3848 1582 Ma·

1046 1627 1196 1699 riae
1226 1627 1671 1720 Anglicanae
1703 1627 2007 1724 imperio
2038 1627 2219 1702 obiit
2250 1649 2441 1700 anno
2475 1643 2756 1700 MnLu.
3447 1633 3454 1640 ’

1814 1823 2248 1899 ADAMUS
2297 1824 2800 1900 BLUN'I'US.
2914 1807 3083 1905 178.

1046 1975 1411 2048 ADAMUS
1442 1975 1763 2048 Bluntus
1796 1974 2320 2048 Franciscanus
2353 1997 2618 2071 magna
2647 1976 2840 2048 inter
2882 1979 3052 2048 suos
3097 1976 3314 2060 fama,
3359 1997 3604 2048 sacrae
3647 1976 3838 2048 theo-

1042 2091 1274 2186 logiae
1308 2091 1551 2172 lector,
1582 2101 1657 2162 et
1690 2089 2240 2188 Roxburgensis
2273 2089 2591 2164 coenobii
2623 2091 2704 2162 in
2743 2089 2986 2164 Scotia
3027 2091 3378 2184 superior,
3421 2087 3832 2162 difficillimo

1045 2206 1448 2300 tyrannidis
1480 2205 1925 2302 Anglicanae
1948 2215 2301 2300 tempore,
2332 2229 2379 2280 a
2408 2204 2459 2277 J
2459 2227 2689 2279 oanne
2722 2205 3004 2280 Baliolo
3035 2205 3412 2280 Scotorum
3457 2227 3626 2302 rege
3669 2205 3830 2274 mis-

1039 2343 1164 2393 sus
1208 2321 1301 2393 ad
1344 2318 1775 2392 Eduardum
1818 2319 1884 2394 1.
1925 2321 2254 2416 Anglum
2301 2331 2647 2414 tanquam
2697 2329 2962 2406 orator,
3009 2335 3094 2394 ut
3127 2329 3681 2414 conquereretur
3711 2342 3832 2390 no·

1038 2438 1235 2507 mine
1267 2436 1457 2530 regis
1488 2436 1629 2516 sui,
1660 2435 1986 2532 Anglum
2020 2436 2264 2532 impie,
2296 2447 2372 2510 et
2401 2437 2806 2521 crudeliter,
2847 2447 2920 2512 ct
2953 2447 3208 2510 contra
3238 2435 3492 2508 foedus
3523 2433 3828 2508 Scotiam

1039 2553 1401 2635 divexare,
1438 2558 1511 2622 et
1542 2549 1849 2645 injurias
1880 2549 2189 2622 subditis
2221 2549 2613 2634 inferendo,
2647 2561 2722 2624 et
2756 2553 2986 2624 modis
3024 2550 3368 2634 subdoIiS,
3395 2551 3522 2622 sed
3545 2549 3829 2630 illicitis,

1040 2667 1253 2738 fidem
1286 2665 1378 2738 ab
1409 2689 1495 2738 eo
1528 2685 1915 2758 nunquam·
1931 2663 2246 2738 debitam
2277 2667 2652 2762 exigendo,
2691 2667 2988 2759 insuper
3027 2666 3240 2738 urbes
3273 2687 3442 2738 suas
3477 2664 3828 2736 hostiliter

1038 2781 1463 2866 invadendo,
1516 2780 1981 2876 subditosque
2028 2781 2366 2866 necando,
2415 2790 2546 2854 aut
2592 2780 2777 2854 furis
2828 2783 3058 2856 instar
3105 2781 3496 2874 spoliando,
3531 2801 3826 2872 quapro-

1036 2908 1200 3000 pter
1230 2895 1507 2973 scotiae
1551 2919 1793 2994 regem
1836 2918 2119 2972 omnem
2162 2897 2400 2981 fidem,
2443 2919 2662 2992 quam
2707 2907 2836 2970 aut
2874 2899 3052 2990 ipse,
3096 2905 3228 2970 aut
3259 2896 3526 2968 subditi
3557 2897 3674 2970 sui
3705 2919 3825 2968 no-

1036 3015 1233 3087 mine
1266 3035 1419 3098 suo,
1462 3014 1743 3088 ratione
1784 3023 2143 3088 terrarum
2187 3013 2266 3086 in
2297 3011 2572 3110 Anglia
2601 3035 3114 3107 possessarum,
3147 3012 3509 3098 deberent,
3543 3012 3823 3104 penitus

1040 3128 1416 3226 abnegare,
1436 3138 1511 3204 et
1537 3127 1771 3202 feudis
1796 3129 2240 3204 renunciare.
2294 3127 2495 3204 Haec
2519 3150 2744 3222 paene
2766 3128 3116 3204 verbatim
3143 3126 3634 3200 Holinshedus
3663 3125 3827 3196 His-

1036 3254 1176 3315 tor.
1210 3243 1501 3340 Anglic.
1535 3267 1701 3340 pag·-
1741 3261 2139 3318 Dcccxlx.
2191 3242 2338 3316 Hic
2365 3243 2694 3318 Adamus
2727 3246 3038 3338 scripsit,
3067 3258 3150 3316 ut
3183 3244 3260 3314 in
3295 3241 3539 3314 Indice
3573 3239 3824 3322 Maiae,

1336 3359 1483 3432 Pro
1516 3359 1717 3457 Rege
1750 3358 2033 3432 Joanne
2927 3360 3049 3432 lib.
3089 3379 3142 3430 1.

1331 3474 1831 3554 summarium.
1856 3474 2394 3554 Sententiarum
2923 3478 3048 3550 lib.
3087 3495 3141 3546 1.

1330 3591 1735 3670 conciones
1758 3601 1836 3665 et
1866 3589 2214 3666 Lecturas
2331 3589 2338 3594 ’
2919 3593 3046 3666 lib.
3085 3611 3138 3662 1.

1131 3707 1527 3804 Legatione
1582 3707 2021 3804 fungebatur
2078 3731 2269 3782 auno
2321 3725 2721 3784 Mccxcvl.
2782 3709 3076 3782 ineunte
3125 3729 3366 3780 mense
3413 3705 3702 3800 Aprili3
3755 3716 3824 3774 et

996 3803 1171 3894 'fide
1219 3824 1299 3895 in
1347 3845 1570 3918 regeS,
1622 3845 1863 3897 amore
1911 3823 1987 3896 in
2040 3807 2370 3916 patriam,
2422 3825 2799 3896 literatura
2846 3823 3263 3918 theologica,
3314 3841 3576 3914 paucos
3623 3841 3821 3912 pares

1035 3947 1266 4009 aetate
1300 3958 1431 4008 sua
1464 3936 1795 4010 habuisse
1828 3949 2179 4014 censetur.

1660 4133 1881 4208 DUN
1884 4133 2221 4207 CANUS
2275 4135 2920 4210 BORNETTUS.
3031 4141 3197 4216 174.

1034 4283 1501 4356 DUNCANUS
1583 4284 2003 4369 Bornettus,
2095 4285 2272 4358 alias
2365 4285 2760 4369 Burnatus,
2859 4287 3152 4360 natione
3251 4288 3530 4370 Scotu8‚
3629 4309 3822 4380 mag-

1029 4421 1199 4472 nam
1264 4401 1358 4472 ab
1422 4400 1824 4474 eruditione
1890 4399 2157 4474 famam
2223 4400 2512 4494 paravit
2575 4403 2770 4494 apud
2839 4399 3256 4486 Gennanos,
3325 4424 3488 4476 cum
3557 4401 3815 4494 quibus

1030 4517 1343 4586 multum
1420 4516 1763 4608 temporis
1832 4515 2066 4590 vixitz
2148 4515 2542 4588 medicinae
2604 4518 2854 4590 doctor
2920 4519 3252 4602 eximius,
3317 4528 3394 4589 et
3461 4515 3820 4610 chymicae

1032 4631 1329 4722 perituS‚
1362 4633 1441 4702 in
1474 4630 1654 4702 illud
1688 4629 2015 4708 incubuit
2058 4632 2307 4715 studii,
2351 4641 2438 4702 ut
2477 4629 2894 4728 Spagiricen
2937 4633 3490 4728 Hippocraticae
3531 4633 3822 4727 conjun-

1030 4756 1252 4838 geret.
1322 4745 1625 4839 Scripsit
1662 4748 1911 4832 multa,
1946 4747 2093 4830 sed,
2130 4756 2214 4819 ut
2246 4757 2564 4838 apparet,
2600 4768 2855 4839 parum
2891 4750 3116 4822 edidit
3147 4771 3442 4824 suorum
3477 4769 3820 4842 operum3
