4384 5817
1272 519 1636 592 GENTIS
1683 519 2247 600 SCOTORUM‚
2270 519 2479 594 :L1B.
2530 521 2622 590 11.
3228 521 3361 590 117

836 712 1224 786 Orationes
1255 713 1769 786 disertissimae
2430 711 2556 784 lib.
2595 731 2648 785 1.

831 827 1242 923 Epistulae.
2433 827 2559 900 lib.
2598 845 2651 900 Ι.

639 944 841 1016 Obiit
887 942 1270 1039 Augustae
1313 942 1694 1018 Pictonum
1734 943 2024 1018 decurio
2061 965 2253 1016 anno
2289 959 2611 1021 MDCXV.
2713 942 2899 1018 Vide
2938 942 3154 1028 infra,
3202 941 3335 1016 Jo-

537 1081 766 1134 amoea
796 1053 1185 1144 Irlandue,
1215 1058 1342 1132 lib.
1385 1075 1500 1132 11.

1127 1286 1646 1362 GEORGIUS
1693 1285 2474 1364 BLACVODAEUS.
2580 1293 2748 1362 203.

537 1522 970 1595 Gssoncms
1001 1521 1514 1603 Blacvodaeus,
1549 1517 1850 1592 Henrici
1883 1528 1958 1590 et
1999 1516 2271 1590 Adami
2318 1517 2573 1605 affinis,
2616 1518 3159 1592 Dumfermilini
3206 1543 3331 1594 na-

537 1647 680 1722 tus,
715 1660 858 1711 non
891 1637 1036 1710 levi
1067 1637 1356 1710 nomine
1391 1634 1688 1708 Parisiis
1721 1633 2251 1727 philosophiam
2285 1635 2673 1726 professus,
2708 1635 2933 1708 edidit

836 1752 1358 1845 Compendium
1391 1749 1705 1845 Logicae
2149 1747 2156 1754 “
2422 1750 2553 1824 lib.
2592 1768 2645 1822 1.

833 1865 1358 1960 Compendium
1393 1864 1744 1958 Physicae
2424 1867 2549 1939 lib.
2586 1884 2641 1938 1.

636 1983 944 2066 Quando
974 1981 1177 2067 obiit,
1208 2002 1357 2054 non
1388 1979 1620 2084 reperi
1649 2004 1674 2069 ς
1727 1987 1804 2052 at
1837 1978 2311 2074 profitebatur
2344 1979 2681 2054 Lutetiae
2714 2001 2905 2056 anno
2940 1997 3309 2052 MDLXXI.

1283 2207 1716 2284 THOMAS
1765 2208 2323 2284 BICARTON.
2432 2213 2603 2284 204.
2700 2283 2703 2291 .

547 2445 906 2518 Tuoms
939 2445 1284 2518 Bicarton
1315 2439 1963 2527 Sanctandreanus,
2014 2464 2197 2536 quas
2240 2444 2322 2516 in
2368 2441 2611 2516 Scotia
2654 2443 2853 2516 domi
2896 2443 3117 2518 bonas
3152 2453 3341 2516 artes

547 2560 817 2646 didicit,
848 2561 929 2633 in
961 2559 1216 2632 Galliis
1249 2558 1494 2632 docuit
1527 2557 1722 2652 apud
1753 2555 2088 2632 Pictones
2122 2569 2199 2631 et
2228 2555 2630 2630 Xantoncs.
2734 2557 2993 2631 Edidit

845 2673 1307 2748 Miscellanea
2438 2673 2565 2746 lib.
2604 2691 2657 2745 1.

847 2788 1190 2862 Poemata
1223 2789 1490 2862 Latina
2434 2787 2561 2860 lib.
2598 2809 2653 2862 1.

847 2903 1192 2977 Poemata
1221 2901 1500 2976 Gallica
2436 2905 2561 2978 lib.
2600 2922 2654 2976 1.

650 3018 988 3094 Florebat
1017 3041 1208 3092 anno
1243 3035 1604 3093 MDCXIV.

1256 3247 1917 3325 ALEXANDER
1965 3249 2368 3326 BODIUS.
2470 3255 2638 3326 205.

553 3483 1106 3556 ALEXANDnn
1153 3481 1454 3569 Bodius,
1508 3481 1733 3555 nobili
1782 3483 1938 3554 loco
1985 3491 2225 3567 natus,
2274 3483 2521 3558 literas
2570 3485 2881 3578 optimas
2924 3495 2998 3557 et
3039 3487 3359 3558 studiose

555 3600 778 3672 coluit
825 3609 900 3672 et
943 3597 1330 3674 honorifice
1379 3598 1719 3671 exercuit.
1821 3596 2064 3669 Multa
2111 3597 2400 3688 scripsit
2446 3607 2849 3672 memoratu
2908 3599 3352 3696 dignissima,

553 3717 678 3786 sed
711 3739 846 3812 ego
877 3725 1164 3789 tantum
1197 3714 1394 3808 typis
1418 3714 1761 3786 mandata
1783 3713 1958 3799 vidi,
1983 3713 2293 3807 eleganti
2318 3735 2489 3786 sane
2512 3716 2725 3808 stylo,
2750 3725 2825 3787 et
2848 3716 3353 3810 antiquitatem

557 3831 900 3922 sapiente,

855 3944 1408 4040 Epigrammata
2452 3945 2577 4019 lib.
2615 3961 2701 4016 11.

742 4081 758 4095 ·
857 4057 1258 4132 Heroidum
1329 4059 1698 4152 Epistulas
1767 4059 1892 4132 lib.
1955 4077 2009 4132 1.
2079 4060 2483 4134 imitatione
2540 4049 2921 4144 Ovidiana,
2992 4063 3083 4132 ad
3150 4063 3355 4157 cujus

961 4173 1390 4270 dignitatem
1423 4197 1645 4268 prope
1680 4177 1996 4248 accessit.

665 4287 870 4362 Obiit
903 4309 1096 4362 anno
1131 4305 1600 4362 Mnnxxxn.
1633 4290 1714 4362 in
1749 4289 2025 4366 Galliis.

1305 4484 1836 4562 HENRICUS
1887 4489 2343 4566 BRUSIUS.
2448 4489 2619 4566 206.
2688 4553 2696 4564 .

576 4631 1012 4706 HENRIOUS
1097 4632 1406 4706 Brusius
1489 4633 1804 4709 Fifensis
1901 4638 2168 4711 illustri
2267 4640 2761 4715 aestimatione
2858 4644 2975 4715 sui
3074 4655 3149 4716 et
3248 4667 3369 4736 pa·

571 4752 750 4822 triae
823 4747 1162 4835 Daniam,
1242 4746 1694 4836 Sarmatiam,
1768 4773 1852 4825 ac
1924 4751 2386 4856 Germaniam
2468 4755 2834 4857 lustravit,
2918 4757 3360 4851 principibus
