4384 5817
833 571 967 636 822
1598 565 2071 637 HISTORIA
2114 563 2874 636 ECCLESIASTICA

1242 767 1501 844 sterus,
1556 756 1843 831 Aeneas
1893 757 2189 854 Sylvius
2235 767 2478 854 negat,
2521 757 2884 830 mirantur
2933 756 3101 828 alii:
3154 757 3376 852 vulgo
3409 752 3647 830 claku‘s

1242 875 1606 948 dicuntur.

940 991 1281 1068 Florebat
1311 1013 1505 1064 anno
1540 1007 1827 1062 Μυκη.

1572 1219 1648 1293 S.
1700 1217 2078 1293 GILDAS
2124 1217 2638 1303 QUARTUS.
2741 1215 2914 1293 601.

838 1455 911 1528 S.
950 1455 1269 1530 GILDAs
1301 1454 1649 1538 Quartus,
1684 1454 1775 1526 ad
1808 1453 2194 1525 discrimen
2227 1449 2320 1522 ab
2352 1451 2536 1536 aliia,
2588 1461 2674 1523 ut
2707 1461 2910 1545 puto,
2963 1453 3406 1538 nominante,
3440 1475 3643 1550 egre-

836 1574 1033 1668 giam
1066 1573 1345 1665 patriae
1376 1593 1667 1663 operam
1718 1570 2041 1652 navavit,
2092 1589 2317 1658 eoque
2366 1569 2658 1640 nomine
2707 1568 2802 1639 ab
2847 1567 3116 1664 Anglis
3167 1571 3646 1666 ignominiose

834 1691 1231 1760 laceratur..
1308 1686 1716 1781 Polydorus
1767 1683 2125 1780 Virgilius
2168 1682 2434 1755 alicubi
2477 1684 2945 1776 impostorem
2996 1695 3230 1769 vocat,
3281 1695 3356 1758 et
3403 1689 3645 1778 plaus-

834 1813 953 1878 tra
982 1805 1465 1877 convitiorum
1497 1803 1693 1896 apud
1725 1801 2047 1873 scurrilis
2080 1799 2358 1896 ingenii
2381 1811 2456 1870 et
2481 1821 2806 1871 summae
2831 1801 3166 1896 ignaviae
3189 1800 3592 1874 Lelandum
3623 1823 3646 1872 ε

836 1931 881 1962 “
912 1918 1510 2013 splendidissimis
1543 1917 1954 2000 mendaciis,
1988 1915 2301 1986 anilibus
2333 1914 2621 1998 fabulis,
2655 1917 3072 2012 prodigiosa
3103 1917 3434 1990 barbarie
3464 1918 3637 1992 hist.

834 2057 1003 2108 eum
1035 2033 1425 2120 foedasse,”
1450 2034 1853 2128 impudenti
1888 2052 2013 2104 ore
2044 2031 2294 2127 objicit
2317 2053 2341 2116 ς
2379 2045 2452 2104 et
2475 2032 2644 2104 talis
2669 2053 2952 2124 semper
2976 2031 3205 2116 vobis,
3230 2030 3482 2130 Angli,
3509 2044 3642 2118 est,

834 2151 1163 2244 quisquis
1195 2152 1475 2244 patriae
1518 2171 1689 2222 suae
1734 2149 1949 2220 decus
1995 2156 2069 2220 et
2114 2161 2618 2220 ornamentum
2667 2149 2974 2243 quaerit,
3025 2158 3101 2220 et
3148 2163 3644 2224 monstruosas

831 2275 1110 2338 vestras
1142 2267 1453 2360 ineptias
1485 2267 1759 2362 ingenii
1792 2265 2085 2337 solertia
2132 2263 2454 2348 refiitat3
2506 2273 2582 2336 et
2631 2263 3038 2336 Carodocus
3089 2263 3402 2338 Camber
3449 2267 3644 2338 edito

832 2405 1047 2478 opere
1080 2405 1245 2456 eum
1280 2383 1601 2456 vindicat
1632 2380 1769 2454 sub
1801 2401 2073 2454 annum
2112 2397 2312 2454 Mel..
2417 2379 2774 2464 Pitsaeus,
2807 2389 2884 2451 et
2916 2381 3064 2452 alii.
3167 2379 3470 2475 Scripsit
3522 2381 3644 2455 hic

834 2509 1125 2572 nostras
1160 2497 1414 2572 Gildas

1088 2629 1096 2636 ·
1127 2613 1537 2688 Historiam
1571 2614 2001 2688 Britanniae
2729 2613 2854 2688 lib.
2893 2631 2947 2686 1.
3053 2611 3392 2708 Polydor.

1110 2731 1589 2804 'Breviarium
1626 2730 1881 2804 Gildae
2723 2729 2850 2802 lib.
2887 2747 2942 2802 1.

1132 2846 1246 2918 De
1280 2847 1741 2920 Mirabilibus
1774 2845 2204 2918 Britanniae
2725 2846 2853 2920 lib.
2892 2866 2945 2917 1.

1127 2961 1243 3035 De
1275 2963 1533 3056 primis
1570 2961 2125 3035 Habitatoribus
2160 2959 2591 3036 Britanniae
2719 2961 2847 3035 lib.
2887 2981 2940 3034 1.

1130 3077 1247 3152 De
1280 3078 1484 3176 Rege
1515 3079 1847 3150 Arthuro
2727 3079 2854 3150 lib.
2892 3097 2945 3149 1.

1126 3193 1242 3267 De
1274 3195 1669 3289 Sepulchro
1705 3196 1862 3290 eJus
1896 3194 2270 3292 incognito
2717 3193 2844 3268 lib.
2885 3213 2938 3266 1.
2973 3203 3047 3266 et
3079 3195 3243 3266 alia.

928 3312 1221 3386 Vixisse
1252 3319 1557 3404 putatur
1589 3334 1779 3384 anno
1810 3313 2025 3384 salut.
2060 3309 2420 3382 humanae
2452 3325 2912 3382 ncecmx.
2957 3311 3128 3382 licet
3157 3310 3340 3382 alii
3317 3332 3396 3381 m
3439 3311 3639 3384 aliud

830 3431 1148 3504 seculum
1184 3428 1563 3522 rejiciant,
1616 3428 1739 3500 sed
1768 3449 2027 3519 parum
2052 3426 2356 3498 interest
2385 3447 2534 3519 qua
2555 3435 2792 3500 aetate
2816 3425 3105 3510 vixerit,
3131 3427 3346 3500 modo
3370 3427 3658 3500 bonum-

832 3553 1111 3618 eonstet
1169 3542 1396 3615 fuisse
1463 3543 1715 3626 civem,
1778 3551 1854 3614 et
1916 3542 2197 3634 patriae
2263 3562 2434 3614 suae
2499 3551 2886 3616 amantem.
2989 3539 3417 3616 Sanctorum
3476 3545 3640 3619 albo

830 3661 1211 3754 ascriptus,
1248 3659 1511 3730 colitur
1542 3659 1659 3729 die
1692 3676 1939 3730 xxm.
1973 3657 2025 3728 J
2025 3656 2331 3730 anuarii.
2433 3657 2682 3732 Uvion
2713 3659 2794 3730 in
2823 3655 3178 3753 Adjunet.

1714 3981 1729 4004 ἱ
1798 3887 2392 3963 Gosrmnus.
2497 3887 2667 3964 σοι.

830 4135 877 4169 “
910 4115 1404 4212 Gosrnmus,
1437 4127 1555 4199 vir
1586 4125 1889 4198 eximiae
1921 4123 2317 4220 religionis,
2341 4145 2512 4221 rege
2543 4123 2923 4198 Scotorum
2955 4123 3199 4198 David
3225 4131 3535 4220 petente,
3559 4136 3636 4199 et

830 4241 1361 4336 archiepiscopo
1394 4240 1753 4315 Gulielmo
1788 4249 2172 4325 annuente,
2217 4239 2436 4314 abbas
2481 4241 2780 4336 eligitur
2825 4243 2918 4314 ad
2967 4244 3206 4315 locum
3247 4240 3326 4314 in
3369 4241 3632 4326 Scotia,

830 4359 959 4452 qui
1005 4357 1512 4430 Dunfermelin
1564 4353 1898 4440 dicitur?
1944 4357 2052 4429 ait
2100 4377 2506 4451 anonymus
2553 4355 3084 4454 wigorniensis
3135 4358 3214 4428 in
3263 4359 3636 4432 continua-

830 4476 1029 4548 tione
1061 4474 1155 4547 ad
1190 4472 1642 4546 Florentium
1675 4493 1840 4569 pag.
1878 4489 2240 4546 nemun.
2343 4471 2650 4567 Scripsit

1127 4588 1535 4663 Historiam
1564 4587 2061 4682 Apostolicam
2593 4589 2717 4661 lib.
2757 4607 2808 4661 1.
2846 4612 3056 4685 quae,
3089 4601 3176 4664 ut
3206 4601 3409 4684 puto,
3449 4592 3632 4664 inte-

1226 4705 1380 4780 riit.
1499 4703 1843 4777 Meminit
1890 4703 2262 4778 Indiculus
2313 4703 2761 4799 Scriptorum
2811 4704 3189 4780 Scotorum
3237 4708 3628 4801 anonymi:

1182 4891 1185 4896 .
1230 4821 1419 4896 forte
1478 4821 1700 4896 idem.
1736 4821 1877 4896 erit
1942 4843 2147 4914 opus,
2216 4822 2412 4915 quod
2475 4820 2782 4910 Abdiae,
2849 4821 3296 4920 Babyloniae
3363 4825 3629 4918 episco-
