4384 5817
1243 503 1602 574 GENTIS
1647 501 2209 586 sco'rontm,
2254 501 2437 572 LIB.
2484 501 2619 570 111.
3202 504 3331 570 15⁹

839 697 1188 770 catenam
1220 695 1650 792 Bibliorum,
1688 695 1850 768 MS.
1891 693 2212 780 Parisiis,
2606 695 2732 766 lib.
2771 713 2825 766 1.

639 811 924 884 claruit
955 833 1146 883 anno
1181 828 1492 881 Mcxm.
1561 810 1846 883 Colitur
1875 812 1994 882 die
2019 828 2172 882 ΧΠ.
2208 811 2415 896 Maii,
2440 813 2727 904 templis
2746 813 2837 898 ei,
2862 810 3085 884 variis
3116 815 3323 907 reg-ni

537 927 734 1011 locis,
770 927 1134 998 dedicatis.
1231 925 1559 998 Breviar.
1595 925 1852 998 Sootic.

1509 1155 1584 1227 S.
1635 1155 2068 1230 COLMUS.
2171 1155 2342 1237 26⁷.

533 1391 612 1462 S.
655 1390 1002 1462 Comma
1051 1374 1590 1482 incomparabili
1641 1393 1837 1464 vitae
1884 1390 2265 1462 sanctitate
2312 1389 2465 1461 suis
2515 1390 2897 1481 praeluxit,
2950 1389 3321 1483 episeopus

531 1508 990 1580 doctissimus
1043 1503 1431 1592 Orcadum,
1487 1509 1618 1600 qui
1671 1507 1952 1578 Romae
1999 1515 2449 1577 consecratus
2502 1504 2878 1578 familiaris
2932 1505 3323 1577 Benedicto

535 1621 707 1693 VII.
741 1623 810 1694 ei
841 1644 974 1693 sua
1007 1639 1225 1714 opera
1253 1625 1722 1716 nuncupavit,
1753 1631 1839 1693 ut
1871 1623 1952 1692 in
1984 1619 2231 1692 Indice
2263 1620 2579 1692 Maiano.
2680 1621 2983 1714 Scripsit

823 1737 937 1808 De
968 1738 1473 1810 inaestimabili
1506 1738 1776 1810 Missae
1806 1735 2166 1842 Sacrificio
2607 1736 2733 1807 lib.
2770 1753 2825 1808 1.

751 1912 760 1921 .
831 1853 1198 1926 Passionis
1231 1851 1650 1926 Dominicae
1683 1853 2040 1946 Mysten-ia
2610 1852 2739 1924 lib.
2775 1870 2829 1923 1.

824 1969 938 2040 De
971 1967 1315 2041 Consiliis
1347 1968 1800 2064 generalibus
2609 1968 2735 2039 lib.
2774 1983 2829 2038 1.

629 2084 916 2157 Floruit
947 2107 1138 2158 anno
1173 2101 1331 2157 ux.
1399 2084 1684 2156 Colitur
1711 2084 2096 2188 praecipua
2118 2084 2429 2175 quadam
2454 2081 2821 2177 religione,
2846 2086 3116 2176 templa
3138 2084 3316 2169 Deo,

533 2201 668 2272 sub
697 2201 1148 2274 invocatione
1178 2200 1430 2294 ipsius,
1465 2201 1670 2272 varia
1698 2201 1954 2282 dicata,
1987 2199 2108 2270 die
2140 2214 2251 2268 vl.
2286 2197 2339 2270 J
2338 2221 2517 2270 unu
2603 2198 2933 2271 Breviar.
2968 2199 3219 2274 Scotic.

1389 2431 1464 2502 S.
1519 2427 2185 2504 CHRISTIANA.
2291 2425 2461 2502 268.

527 2664 603 2736 S.
655 2663 1204 2750 Culus-rumis,
1255 2665 1372 2737 vel
1419 2663 1814 2747 christina,
1865 2662 2016 2734 filia
2061 2661 2419 2756 Agathae,
2468 2663 2559 2734 de
2607 2684 2753 2756 qua
2794 2661 2918 2735 lib.
2971 2681 3027 2734 1.
3076 2683 3317 2755 supra,

526 2803 730 2852 soror
779 2779 854 2850 S.
909 2781 1388 2876 Mag-aretae,
1453 2781 1921 2852 monasticam
1990 2779 2219 2850 vitam
2283 2779 2634 2870 amplexa,
2702 2777 3123 2851 Buchanan.
3190 2779 3315 2852 lib.

525 2912 673 2967 vn.
725 2894 920 2968 Hist.
975 2895 1164 2969 Scot.
1211 2917 1303 2968 ex
1353 2917 1440 2968 eo
1487 2894 1540 2967 J
1539 2893 1802 2967 aeobus
1846 2892 2227 2966 Gretserus
2277 2890 2758 2966 commentar.
2810 2893 3117 2990 Exeget.
3168 2915 3321 2966 mo-

521 3013 786 3082 nialem
851 3011 1110 3082 induit.
1177 3011 1582 3084 Westmon.
1651 3009 1919 3081 Matth.
1989 3009 2220 3081 Paris.
2289 3008 2627 3101 Polydor.
2696 3007 2958 3105 Virgil.
3028 3019 3101 3083 et
3166 3009 3313 3082 alii.

523 3123 826 3217 Scripsit
1339 3157 1352 3170 ·

822 3239 1192 3332 Epistolas
1225 3241 1319 3310 ad
1350 3240 1646 3312 Patrem
1679 3238 1936 3334 Regno
1967 3241 2262 3333 pulsum
2604 3239 2733 3312 lib.
2770 3259 2822 3310 1.

619 3353 904 3428 claruit
935 3375 1124 3426 anno
1161 3371 1501 3427 Mnxvu.
1577 3352 1766 3426 Vide
1798 3353 2255 3427 Matthaeum
2288 3351 2499 3428 Paris
2530 3357 2625 3428 ad
2656 3377 2928 3428 annum
2964 3373 3105 3426 Mc,
3178 3355 3316 3428 Po-

524 3470 856 3562 lydorum
887 3471 1012 3543 lib.
1051 3487 1169 3543 1x.
1269 3457 1556 3544 Colitur
1585 3487 1736 3542 vn.
1767 3467 2128 3563 Septemb.

1099 3699 1570 3775 JOANNES
1621 3699 2461 3773 CAMPUSBELLUS.
2566 3697 2735 3780 269.

521 3931 571 4002 J
573 3950 908 4005 OANNEs
941 3934 1507 4025 Campusbellus,
1545 3935 1924 4004 vernacule
1948 3931 2293 4014 Cammel,
2327 3932 2770 4006 nobilissima
2802 3935 3147 4006 comitum
3172 3933 3317 4006 Ar·

519 4049 872 4143 gatheliae
919 4050 1134 4121 domo
1185 4049 1557 4132 oriundae,
1606 4047 1956 4119 foecundo
2005 4049 2318 4142 ingenio,
2365 4059 2439 4120 et
2488 4049 2819 4121 omnibus
2851 4051 3169 4122 scientiis
3202 4073 3316 4124 ac-

517 4164 987 4246 commodato,
1035 4173 1112 4234 et
1159 4164 1240 4234 in
1299 4164 1668 4234 academia
1721 4161 2135 4248 Parisiensi,
2198 4186 2285 4234 ac
2336 4163 2777 4238 Bononiensi
2825 4165 2905 4237 in
2954 4165 3191 4252 Italia,
3240 4177 3317 4240 et

515 4279 712 4350 domi
734 4279 926 4371 apud
945 4299 1114 4352 suos
1139 4301 1426 4350 summa
1449 4279 1876 4350 claritudine
1903 4280 2162 4376 viguit.
2215 4278 2415 4351 Eum
2438 4289 2484 4323 “
2502 4282 2885 4372 probatum
2908 4284 3313 4355 auctorem”

517 4397 834 4486 appellat
867 4393 968 4464 H.
1008 4393 1382 4480 Boethius,
1419 4407 1494 4466 et
1529 4397 1606 4466 in
1647 4397 1764 4466 his
1808 4419 1974 4468 eum
2015 4405 2350 4469 numerat
2382 4419 2562 4490 quos
2608 4399 2745 4470 sibi
2794 4399 3190 4492 sequendos
3233 4400 3312 4472 in

517 4510 757 4600 patria
791 4511 1208 4582 adornanda
1241 4512 1603 4604 proponit.
1705 4507 2010 4603 Scripsit

815 4624 1193 4700 Scotorum
1227 4625 1633 4700 chronicon
1741 4651 1752 4660 ·
2602 4627 2727 4698 lib.
2766 4645 2819 4698 1.

613 4739 822 4816 Vixit
854 4765 1046 4818 anno
1083 4756 1394 4815 uchx.
1426 4751 1776 4838 regnante
1811 4739 2004 4834 apud
2035 4739 2286 4815 Scotos
2318 4741 2737 4815 Alexandro
2769 4741 2910 4814 111.
