4384 5817
1313 530 1672 603 GENTIS
1717 528 2279 612 scoToRUM,
2322 529 2509 600 LIB.
2541 533 2647 602 11.
3296 533 3385 606 69

873 723 1390 798 Meditationes
2962 719 3092 796 lib.
3128 739 3183 794 1.
3314 781 3321 786 .

863 839 980 912 De
1013 837 1380 912 Trinitate
1411 837 1782 932 Excerpta
1811 861 1904 912 ex
1935 837 2034 910 D.
2068 836 2489 935 Augustino
2519 845 2595 910 et
2626 837 2791 912 aliis
2958 836 3087 908 lib.
3125 853 3179 908 1.
3282 903 3291 911 .

629 991 646 1002 ··
667 957 874 1031 Obiit
907 975 1100 1027 anno
1135 971 1491 1028 next-111.
1539 965 1831 1028 sanctus
1874 953 2190 1027 habitus.
2266 951 2515 1026 Uvion
2554 952 2683 1025 lib.
2720 971 2843 1026 111.
2894 951 3117 1049 Ligni
3163 949 3399 1026 Vitae-

571 1095 736 1169 pag.
763 1085 1124 1144 ccccxn.
1175 1067 1518 1142 Meminit
1540 1080 1617 1143 et
1641 1069 2092 1144 Trithemius
2116 1067 2240 1140 lib.
2271 1085 2395 1140 111.
2422 1089 2577 1160 cap.
2605 1085 2896 1140 cxxvl.
2966 1067 3209 1151 Quam
3230 1087 3379 1146 sce-

571 1191 746 1260 leste
792 1185 1022 1282 Angli
1071 1205 1288 1258 suum
1335 1183 1630 1270 faciant,
1681 1185 2020 1269 viderint,
2067 1205 2233 1256 cum
2286 1183 2632 1258 Melrosia
2678 1205 2961 1277 semper
3008 1183 3091 1256 in
3134 1181 3377 1257 Scotia

567 1300 810 1374 fuerit.
2304 1354 2311 1360 .
2902 1329 2907 1336 -

1545 1531 1621 1608 S.
1672 1532 1962 1607 BEDA
2011 1535 2120 1608 M.
2228 1539 2395 1608 128.

569 1763 892 1836 Banna
945 1763 1449 1838 Venerabilem
1506 1765 1644 1836 etsi
1705 1787 1952 1839 omnes
2008 1764 2340 1864 Anglum
2412 1765 2704 1851 faciant,
2779 1765 3059 1858 reperio
3134 1773 3379 1837 tamen

571 1902 734 1952 eum
785 1901 918 1952 nec
963 1877 1296 1975 Anglum
1343 1880 1560 1954 domo
1607 1901 1739 1953 nec
1788 1881 2106 1966 Scotum,
2155 1881 2281 1954 sed
2333 1882 2413 1954 in
2462 1881 2703 1956 Scotia
2761 1882 2891 1954 diu
2946 1881 3236 1964 vixisse,
3298 1879 3378 1951 in

571 1988 858 2091 Anglia¹
894 1995 1084 2068 diem
1145 2015 1382 2078 suum,
1442 1994 1570 2066 ubi
1629 1997 1874 2069 omnia
1925 2019 2062 2069 sua
2115 2019 2335 2090 opera
2390 1997 2901 2081 elaboraverat,
2960 2017 3379 2089 supremum

571 2110 853 2184 obiisse.
957 2109 1059 2181 H.
1091 2109 1356 2183 Boetb.
1390 2110 1516 2182 lib.
1555 2128 1672 2184 lx.
1710 2109 1992 2185 Histor.
2027 2111 2219 2184 Scot-
2255 2135 2422 2209 pag.
2460 2129 2813 2185 chxxl.
2867 2119 2917 2153 “
2950 2109 3165 2184 Italia
3211 2131 3375 2182 cum

569 2225 884 2298 Albione
931 2237 1067 2317 pro
1115 2225 1356 2298 Bcdae
1404 2226 1858 2300 incunabulis
1905 2229 2295 2313 contendit,
2344 2227 2829 2300 asserentibus
2879 2225 3086 2300 Italis
3135 2225 3377 2298 virum

571 2339 867 2429 Genuae
897 2349 1176 2424 natum,
1207 2340 1630 2436 ibidemque·
1643 2341 1980 2414 ultimam
2021 2344 2321 2418 solvisse
2362 2343 2881 2427 necessitatem,
2922 2355 3177 2416 contra
3220 2345 3380 2416 vul·

571 2477 818 2550 garem
868 2457 1242 2528 doctorum
1288 2456 1742 2540 sententiam,
1791 2457 2391 2552 sepulchrumque
2438 2459 2597 2553 ejus
2652 2460 2735 2530 in
2788 2459 2896 2530 rei
2946 2457 3159 2530 fidem
3212 2457 3379 2528 hac·

571 2581 786 2644 tenus
833 2571 1098 2643 eadem·
1127 2568 1552 2642 incivitate
1597 2573 1876 2644 cunctis
1923 2572 2172 2645 haberi
2212 2575 2669 2659 ‘venerabile3
2720 2581 2978 2646 verum
3017 2573 3379 2648 undecun-

571 2708 714 2782 que
761 2690 1068 2760 traxerit
1111 2687 1487 2782 orig'insn,
1537 2697 1612 2759 et
1657 2687 2070 2782 ubicunque
2114 2691 2305 2762 diem
2354 2689 2714 2775 clauserit,
2762 2691 2943 2764 satis
2974 2699 3255 2762 constat
3286 2711 3379 2762 ex

571 2803 728 2898 ejus
777 2811 852 2876 et
899 2804 1208 2874 aliorum
1257 2801 1546 2894 scriptis
1595 2803 2116 2876 adolescentem
2165 2827 2333 2878 eum
2381 2804 2755 2891 indtalia,
2802 2827 3047 2878 senem
3076 2805 3159 2878 in
3190 2803 3379 2878 Nor-

572 2917 964 3002 thumbria,
1012 2917 1462 3012 frequentius
1511 2917 1706 2990 inter
1751 2918 2042 3010 piorum
2089 2929 2373 2992 coetum
2418 2918 2693 2995 Melros
2744 2918 3103 3012 (abbatiae
3132 2941 3381 2992 mona·

571 3033 1012 3128 chorumque
1043 3033 1364 3108 coenobii
1395 3033 1474 3105 id
1504 3055 1766 3107 nomen
1799 3033 1880 3104 in
1911 3032 2290 3106 Scotorum
2322 3057 2523 3132 agro,
2554 3035 3025 3128 pientissimis
3057 3036 3260 3120 viris,
3304 3044 3381 3109 et

572 3149 908 3245 religioni
941 3168 1224 3241 semper
1266 3147 1570 3233 devotis,
1613 3147 1954 3246 insignis)
1997 3149 2365 3224 habitasse
2406 3151 2993 3244 diversatumque
3036 3173 3213 3236 esse,
3257 3174 3381 3223 ex-

573 3265 884 3338 tinctum
915 3286 1088 3336 vero
1119 3262 1427 3337 Ethfino
1462 3263 1838 3338 Scotorum
1871 3285 2042 3359 rege
2073 3265 2688 3339 administrante?
2787 3265 2894 3339 Et
2923 3289 3016 3338 ne
3039 3269 3235 3340 solus
3261 3267 3381 3340 ille

570 3381 708 3452 hoc
779 3379 1168 3452 affimasse
1235 3389 1631 3465 censeatur,
1703 3401 1996 3452 concors
2063 3389 2176 3454 est
2243 3379 2575 3476 Raphael
2640 3381 3043 3475 Mapbaeus
3117 3383 3381 3456 nobilis

571 3493 1114 3579 volaterranus,
1161 3515 1310 3568 non
1355 3495 1514 3567 sine
1561 3495 1966 3568 sanctitatis
2015 3497 2398 3590 opinione:
2456 3499 2522 3570 is
2576 3497 2705 3571 lib.
2766 3515 2941 3570 xxv,
3000 3496 3383 3570 Commen-

571 3621 713 3685 tar.
770 3612 1040 3707 pagina
1093 3625 1544 3683 ccccxvnl.
1602 3611 1742 3684 hoc
1796 3613 1950 3684 aits
2018 3620 2066 3656 “
2116 3610 2548 3705 Depositum
2604 3612 2846 3685 Bedae
2912 3611 3205 3684 Genuae
3272 3613 3383 3684 vi-

573 3727 762 3802 situr
783 3729 850 3811 ;”
896 3735 974 3798 et
1017 3725 1184 3798 ideo
1228 3747 1492 3798 nomen
1538 3726 1778 3823 gentis
1825 3726 2195 3802 Antonius
2238 3729 2539 3801 Coccius
2598 3729 2989 3801 Sabellicus
3048 3749 3198 3800 non
3257 3728 3383 3801 ad·

563 3845 766 3940 jecit,
845 3863 1012 3914 cum
1086 3861 1251 3912 eum
1325 3843 1657 3914 laudaret
1727 3841 2058 3916 Ennead.
2135 3861 2321 3916 vm.
2396 3844 2523 3917 lib.
2603 3862 2749 3916 vn.
2826 3867 2995 3942 pag.
3073 3861 3375 3918 nsvin.

569 3969 646 4032 et
726 3956 1130 4030 Gulielmus
1212 3956 1904 4045 Malmesburiensis,
1989 3968 2064 4033 et
2153 3959 2560 4032 Gulielmus
2653 3958 3380 4034 westmonasterien-

569 4077 670 4148 sis
705 4096 870 4169 pag.
907 4089 1026 4145 x1.
1058 4071 1385 4145 fatentur
1414 4095 1582 4145 eum
1615 4096 1839 4168 prope
1871 4074 2186 4149 Scotiam
2220 4086 2498 4148 natum.
2576 4076 2766 4148 Sunt
2788 4084 3036 4148 tamen
3058 4075 3186 4168 qui
3206 4075 3382 4148 scri-

567 4191 758 4262 bunt
786 4190 969 4261 duos
1001 4189 1250 4260 eodem
1281 4189 1574 4260 nomine
1606 4189 1864 4274 Bodas,
1899 4192 2173 4263 ordinis
2210 4190 2428 4264 etiam
2475 4191 2549 4263 S.
2586 4190 2984 4273 Benedicti,
3032 4190 3267 4262 literis
3310 4199 3383 4261 et

569 4305 954 4378 sanctitate
1014 4305 1093 4375 in
1151 4303 1482 4376 diversis.
1513 4301 1856 4398 Europae
1911 4306 2242 4398 partibus
2292 4307 2657 4391 claruisse,
2708 4313 2783 4380 et
2836 4306 3030 4378 hunc
3088 4305 3380 4398 quidem

570 4420 1032 4493 Britanniam
1065 4420 1481 4503 illustrasse,
1526 4421 1734 4492 illum
1776 4442 1949 4494 vero
1991 4419 2338 4518 Liguriae
2380 4443 2536 4494 esse
2568 4423 2807 4506 decus,
2851 4444 2900 4493 a
2930 4419 3189 4492 Carolo
3223 4420 3381 4491 Ma·

569 4559 718 4632 gno
761 4535 1096 4620 accitum,
1140 4545 1228 4608 ut
1268 4558 1360 4607 ex
1404 4536 1558 4608 vita
1601 4535 1761 4630 ejus
1792 4545 1994 4628 patet
2025 4557 2116 4608 ex
2145 4537 2332 4610 libro
2363 4547 2649 4610 vetusto
2680 4535 3099 4610 monasterii
3130 4534 3207 4608 S.
3243 4533 3381 4608 Be·

571 4651 782 4746 nigni
830 4671 1056 4743 prope
1113 4647 1466 4736 Genuam,
1523 4652 1732 4748 cujus
1787 4653 2136 4724 memoria
2179 4653 2522 4726 recolitur
2568 4669 2653 4724 x.
2710 4651 3014 4744 Aprilis.
3074 4649 3379 4722 Amold.

575 4765 820 4840 Uvion
855 4767 984 4841 lib.
1022 4783 1148 4841 111.
1188 4765 1410 4864 Ligu.
1442 4764 1661 4842 Vitae
1701 4789 1868 4864 pag.
1921 4783 2219 4840 cxxxi.
2312 4765 2608 4841 Erroris
2650 4767 2858 4863 origo
2902 4765 3071 4838 inde
3114 4761 3382 4859 proflu-
