4384 5817
2343 468 2427 553 vi

997 712 1166 797 que
1203 680 1518 780 literae,
1557 690 1649 765 et
1685 676 2197 765 incredibilis
2222 678 2673 764 memoriae
2698 679 3199 792 magnitudo
3224 680 3761 769 confecerat.”

1001 816 1120 899 Et
1159 811 1444 924 paucis
1479 810 2044 921 interpositise
2101 819 2146 859 “
2181 807 2355 901 Qui
2390 808 2759 922 quidem,
2796 810 2867 893 si
2902 812 3205 895 aetatis
3252 812 3469 897 ratio
3514 810 3765 897 habe-

998 956 1213 1042 atur,
1287 940 1668 1025 celeriter
1741 938 1914 1023 vita
1989 936 2394 1051 spoliatus
2470 937 2841 1036 interiit3
2938 939 3007 1023 si
3080 938 3423 1051 gloriae,
3506 968 3757 1053 quam

995 1072 1350 1184 adeptus
1399 1082 1549 1169 est,
1599 1068 2096 1180 magnitudo
2145 1078 2593 1181 spectetur,
2642 1068 3118 1155 diutissime
3168 1069 3429 1168 vixit3
3486 1069 3761 1169 immo,

993 1204 1432 1311 nunquam
1507 1198 1989 1297 moriturus,
2061 1224 2215 1309 per
2304 1196 2687 1280 omnium
2780 1198 3163 1283 vivorum
3254 1226 3401 1285 ora
3472 1198 3765 1283 volita·-

993 1332 1192 1413 bit.”

1103 1455 1488 1540 Plurima
1541 1454 1896 1567 quidem
1947 1454 2389 1567 scripserat
2448 1454 3047 1567 Dempsteruss
3084 1456 3213 1541 vir
3272 1456 3591 1543 scilicet
3636 1486 3763 1543 re-

992 1582 1382 1671 conditae
1445 1582 1968 1685 eruditionis,
2033 1596 2124 1669 et
2185 1582 2653 1669 indefessae
2724 1582 3268 1696 diligentiaez
3348 1588 3759 1701 quaedam

993 1717 1176 1829 ejus
1213 1739 1487 1827 opera,
1529 1714 1844 1825 quippe
1881 1740 2100 1824 quae
2135 1712 2577 1825 nunquam
2616 1714 2840 1825 typis
2890 1716 3311 1816 mandata,
3358 1715 3494 1801 vel
3550 1729 3761 1801 tem-

991 1846 1217 1959 poris
1283 1842 1595 1956 injuria
1657 1840 2117 1955 perierunt,
2175 1839 2315 1925 vel
2380 1842 2471 1925 in
2550 1841 2963 1927 Italorum
3028 1843 3559 1931 bibliothecis
3620 1846 3763 1931 ad-

992 1976 1164 2059 huc
1209 1969 1739 2071 delitescunt,
1785 1969 1950 2055 alia
1993 1982 2283 2056 autem
2326 1969 2603 2056 multa
2651 1971 2743 2055 in
2795 2000 2940 2057 ore
2991 1985 3433 2059 versantur
3486 1975 3763 2059 erudi·-

988 2116 1295 2202 torum‚
1365 2112 1462 2187 'et
1519 2128 1832 2186 nomen
1908 2104 2092 2214 ejus
2164 2100 2639 2213 posteritati
2712 2102 3329 2187 commendant.
3470 2104 3763 2189 Musas
3829 2147 3837 2156 ·

986 2232 1500 2317 amoeniores
1538 2258 1711 2313 non
1747 2229 2115 2341 segniter
2151 2227 2524 2327 colebat3
2562 2240 2657 2313 et
2682 2258 2783 2315 eo
2818 2230 3165 2342 quidem
3200 2230 3481 2317 seculo
3514 2260 3761 2317 nemo

985 2362 1161 2445 fere
1199 2361 1670 2443 doctiorum
1708 2360 1879 2443 fuit
1913 2360 2066 2469 qui
2103 2357 2477 2442 carmina
2520 2356 2829 2442 Latina
2882 2388 3056 2444 non
3105 2373 3560 2473 pangeret3
3620 2392 3763 2449 ne-

985 2518 1156 2601 que
1217 2488 1318 2588 ei,
1371 2488 1662 2599 judice
1711 2486 2169 2587 Borrichio,
2216 2486 2493 2571 defuit
2544 2488 2779 2573 dives
2832 2489 3035 2573 satis
3084 2516 3319 2575 vena.
3434 2490 3759 2603 Nempe

987 2618 1402 2732 professor
1431 2618 1591 2701 iste
1621 2616 2136 2723 Hafniensis,
2181 2615 2896 2701 Dissertationum
2934 2618 3621 2705 Academica-um
3656 2622 3765 2706 de

989 2748 1270 2831 Poetis
1325 2775 1406 2860 p.
1455 2754 1636 2831 151.
1743 2757 1798 2797 ‘⁶‘
1835 2744 2042 2829 Plus
2071 2756 2377 2842 ‘tamen
2428 2746 2657 2857 genii
2706 2748 3015 2859 poetici
3066 2750 3759 2861 amoenitatisque

985 2876 1264 2961 elucet
1319 2876 1409 2958 in
1477 2874 1836 2959 heroicis
1903 2874 2285 2958 Thomae
2342 2874 2826 2987 Dempsteri
2892 2877 3139 2961 Scoti.
3274 2878 3331 2961 J
3330 2906 3467 2963 am
3532 2878 3755 2963 enim

984 3006 1306 3117 nuptiis
1360 3004 1763 3089 Perthani
1824 3003 2154 3124 comitis
2200 3001 2647 3115 praeludit,
2692 3008 2871 3116 jam
2926 3006 3389 3117 panegyrin
3444 3006 3761 3091 Jacobo
3877 3005 3918 3033 '⁸

983 3135 1161 3246 regi
1203 3133 1576 3232 molitur,
1620 3138 1798 3245 jam
1847 3134 2062 3217 vatis
2116 3131 2403 3218 induit
2457 3158 2897 3244 personam
2922 3166 2946 3238 ς
2971 3160 2979 3167 ·
3004 3148 3135 3219 est
3186 3136 3333 3219 ubi
3376 3136 3759 3221 funebria

985 3274 1248 3363 curat,
1285 3274 1416 3347 est
1451 3263 1599 3346 ubi
1636 3260 2186 3373 genethliaca,
2240 3262 2389 3346 ubi
2422 3263 3001 3375 ,protrepticaz
3059 3262 3515 3375 aliquando
3564 3266 3763 3351 deo-

983 3422 1174 3477 rum
1213 3390 1666 3505 gentilium
1703 3389 2421 3501 multiplicitatem
2456 3392 2627 3475 acri
2664 3390 2889 3503 stylo
2942 3392 3341 3479 confodit.
3452 3395 3619 3479 Sed
3670 3408 3757 3479 et

985 3520 1536 3635 extemporali
1595 3522 1690 3604 in
1752 3531 2265 3604 rectoratum
2329 3518 2695 3603 Vassorii
2758 3533 3033 3604 metro
3098 3522 3298 3607 satis
3360 3523 3609 3629 docet
3670 3536 3758 3607 et

987 3664 1284 3736 natum
1323 3680 1412 3735 se
1449 3678 1625 3735 esse
1677 3649 1810 3733 his
1859 3649 2189 3749 studiis,
2238 3662 2328 3733 et
2378 3648 2917 3733 innutritum.
3034 3650 3477 3737 Praetereo
3524 3652 3761 3737 Mus-

975 3808 1170 3865 cam
1209 3783 1282 3892 ej
1293 3808 1412 3879 ηε,
1447 3778 1829 3891 lepidum
1871 3803 2231 3877 carmen,
2268 3779 2418 3861 sed
2454 3802 2627 3861 non
2664 3777 3126 3879 indoctum,
3158 3792 3257 3864 et
3292 3780 3385 3865 in
3420 3808 3759 3892 queens

989 3912 1540 4020 Dempsterus
1587 3908 1947 4018 signavit
1994 3905 2282 4007 lineas,
2334 3934 2551 4018 quae
2598 3930 2945 3991 manum
2995 3907 3489 4021 Appelleam
3540 3909 3759 3995 clare

985 4042 1480 4125 testentur.”
1596 4034 2042 4145 Leguntur
2091 4034 2419 4146 aliquot
2474 4037 2657 4146 ejus
2708 4036 3075 4120 carmina
3122 4036 3347 4121 inter
3406 4038 3761 4123 Delitias

990 4170 1446 4253 Poetarum
1483 4166 1944 4263 Scotorum,
1981 4176 2182 4247 tom.
2223 4164 2277 4247 i.
2330 4191 2411 4275 p.
2450 4166 2641 4263 306,
2690 4165 2841 4249 sed
2886 4161 3051 4249 alia
3098 4164 3375 4251 multa
3420 4196 3759 4281 quoque

989 4294 1340 4409 scripsit.
1455 4292 1760 4380 Latine
1819 4292 2078 4377 vertit
2125 4292 2525 4376 Cerasum
2578 4302 2669 4377 et
2710 4294 3099 4379 Silvestre
3150 4296 3563 4397 Prunum,
3624 4324 3763 4383 ve-

977 4438 1341 4511 -nustum
1371 4420 1948 4534 Mongomerii·
1965 4448 2323 4519 carmen,
2352 4421 2585 4532 quod
2610 4446 2937 4533 semper
2962 4421 3055 4506 in
3080 4422 3405 4511 deliciis
3439 4424 3759 4509 habuit.

993 4556 1292 4639 Poetas
1329 4564 1650 4637 veteres
1699 4550 1856 4635 sibi
1905 4548 2451 4637 illustrandos
2492 4576 2835 4661 quoque
2885 4552 3263 4665 sumpffit.
3374 4552 3763 4639 Claudia-

989 4712 1197 4769 num
1237 4679 1498 4770 semel
1537 4692 1798 4793 atque
1831 4679 2144 4787 iterum
2183 4679 2623 4776 tractavit3
2660 4680 2977 4765 namin
3008 4678 3784 4797 librorum-propri-·
