4384 5817
1229 585 1586 658 sams
1629 582 2188 668 scoroama,
2234 585 2417 656 us.
2463 547 2521 654 ι’.
3183 551 3279 654 έτ

469 789 546 854 et
577 780 964 878 diiigenter·
993 777 1500 870 enqumsque
1527 776 1720 870 stylo
1749 775 2039 870 aen-ipsit

763 891 958 968 Acta
989 890 1264 985 synodi
1299 890 1702 962 Pei-thanac
2358 889 2483 963 lib.
2522 905 2577 960 1.
2973 947 2977 952 .
3204 940 3211 948 .

475 1049 482 1059 =
567 1007 858 1081 Floruit
889 1029 1081 1080 anno
1115 1021 1474 1078 uccxxl.
1557 1005 1678 1078 Sic
1706 1006 1942 1078 dietus
1974 1004 2170 1099 quod
2200 1005 2495 1076 nomine
2518 1001 2937 1096 pontificum
2964 1011 3094 1076 aut
3116 1005 3283 1098 epi·'

471 1143 868 1216 scaporum·
901 1123 982 1194 in
1027 1121 1344 1196 conciliis
1391 1121 1874 1213 responderet,
1922 1114 2058 1191 ἀπὸ
2105 1121 2223 1190 τοῦ
2280 1114 2758 1213 ἀποκρίνεσθαι,
2811 1119 3017 1191 docte
3074 1118 3267 1190 Lan·

473 1239 776 1309 eelottus
809 1245 883 1308 et
913 1237 1060 1320 alii,
1097 1235 1190 1307 ad
1222 1256 1376 1328 cap.
1418 1233 1836 1330 significasti
1878 1235 1970 1306 de
2007 1235 2209 1305 elect.
2261 1234 2533 1328 injure
2564 1234 2925 1306 canonico.
3023 1232 3119 1307 S.‘
3137 1232 3270 1306 Isi·

469 1350 692 1423 dorus
725 1351 808 1422 in
838 1348 1157 1423 Glossist
1209 1357 1256 1392 “
1285 1347 1836 1442 Apoerysarius,
1867 1348 2201 1420 minister
2232 1346 2603 1432 Romanae
2636 1349 3029 1420 eeclesiae.”

1263 1491 1840 1618 ANoNYMUS
1891 1543 2267 1618 POETA.
2372 1549 2493 1626 98.

473 1695 1191 1781 Hans-neonem,
1229 1715 1541 1788 quanm
1579 1702 1667 1765 ut
1704 1703 1956 1768 eontra
1995 1715 2243 1790 regem
2288 1714 2520 1786 nuper
2561 1693 2841 1766 detecta
2880 1691 3127 1766 fuerat
3162 1699 3272 1764 rei·

473 1810 707 1894 bellio,
742 1819 818 1882 et
845 1809 1244 1882 furentium
1275 1809 1610 1901 proditio,
1645 1809 1754 1880 ita
1781 1809 2064 1901 pridem
2093 1808 2480 1880 manifesta
2508 1808 2588 1878 in
2632 1805 2871 1880 Deum
2914 1809 3267 1901 impietas,

471 1925 760 1997 caedem
793 1925 1070 1996 solenni
1101 1921 1176 1996 Sa
1211 1923 1746 1996 Bartholomoei
1775 1922 1964 1998 festo
1993 1924 2166 1994 anni
2212 1939 2547 1994 MDLxx.
2598 1921 2935 1994 Lutetiae
2978 1932 3053 1995 et
3096 1923 3269 1996 alibi

475 2041 551 2110 in
583 2037 824 2112 Gallia
853 2039 1142 2121 factam,
1175 2059 1576 2130 anonymus
1610 2037 1904 2130 quidam
1937 2047 2152 2130 poeta
2181 2035 2439 2110 Scotus
2474 2039 2691 2130 paulo
2724 2061 2942 2131 quam
2965 2061 3101 2130 par
3124 2037 3270 2112 fuit

473 2153 820 2237 acerbius,
853 2153 1168 2226 mordaci
1203 2154 1330 2224 sed
1359 2153 1748 2254 admodum
1787 2153 2122 2248 eleganti,
2157 2161 2233 2224 et
2264 2151 2648 2224 affectuum
2676 2152 3094 2244 plenissimo
3119 2175 3272 2226 car-

475 2269 690 2352 mine,
723 2268 1170 2360 perstrinxit,
1203 2268 1420 2340 titulo
1453 2261 1746 2338 Furiae
1775 2263 2221 2338 Francicus.
2326 2265 2779 2358 Principium
2818 2267 3063 2362 arguit
3104 2291 3271 2339 auc-

477 2395 704 2456 torem
763 2385 1170 2456 exuleerato
1223 2401 1624 2474 parumque
1679 2402 1910 2472 aequo
1962 2381 2042 2452 in
2099 2398 2371 2476 regem,
2419 2383 2771 2476 reginam,
2834 2379 3269 2476 (musicaque

475 2497 698 2568 fuisse
743 2496 1010 2580 animo,
1061 2517 1337 2570 necnon
1385 2517 1432 2567 a
1465 2494 1606 2566 fide
1655 2493 2025 2568 Catholica
2067 2496 2329 2581 alieno,
2382 2494 2719 2590 quamvis
2751 2496 3017 2568 occisos
3050 2497 3271 2568 etiam

473 2611 882 2686 catholicos
915 2611 1176 2686 deflere
1207 2613 1392 2684 velle
1423 2611 1782 2682 videatur.

1080 2739 1272 2818 Impia
1293 2757 1422 2809 rex,
1447 2747 1636 2800 mater
1659 2737 2012 2810 meniana,
2037 2737 2343 2818 inviaque
2366 2697 2542 2809 coelo,

1080 2831 1432 2895 Guisiadum
1457 2831 1694 2894 soboles.

1247 3003 1826 3145 ANON'YMUS
1879 3029 2250 3105 POETA.
2354 3037 2473 3114 99.

475 3183 654 3268 Quo
708 3191 1028 3274 tempore
1077 3181 1160 3253 in
1214 3181 1512 3276 Anglia,
1573 3181 1900 3254 luctuoso
1949 3181 2370 3254 Christiano
2418 3179 2576 3253 orbi
2628 3181 2977 3273 exemplo,
3030 3178 3271 3252 Maria

477 3297 796 3382 Stuarta,
843 3296 1222 3370 Scotorum
1267 3295 1542 3390 regina,
1589 3294 2112 3368 haereticorum
2158 3297 2255 3368 ad
2300 3296 2669 3368 libidinem
2720 3305 2831 3368 est
2878 3297 3269 3378 immolata,

474 3422 624 3502 tam
689 3410 1059 3484 funestum
1125 3411 1458 3485 mesiae
1521 3409 1890 3482 Romanae
1955 3411 2303 3504 regnique
2356 3409 2621 3482 Scotiei
2680 3433 2923 3482 casum
2980 3411 3271 3506 ingenia

477 3529 814 3620 pleraque
873 3526 1068 3600 illius
1131 3526 1294 3598 aevi
1359 3523 1838 3618 deploravere.
1941 3522 2082 3596 Sed
2149 3524 2459 3596 eminuit
2523 3547 2923 3618 anonymus
2976 3524 3269 3617 quidam

441 3683 444 3686 ·
474 3639 755 3727 Scotus,
792 3640 929 3712 sub
964 3641 1200 3724 titulo,

775 3753 1195 3847 Deploratio
1226 3753 1509 3850 indigni
1542 3754 1850 3826 Funeris
1885 3753 2164 3826 Mariae
2198 3753 2575 3826 Scotorum
2610 3751 2953 3849 Reginae,
2989 3753 3113 3824 lib.
3154 3772 3206 3824 1.

571 3869 858 3942 Auctor
889 3871 1032 3953 ille,
1081 3871 1235 3942 sive
1266 3867 1318 3942 J
1317 3869 1580 3942 aeobus
1614 3869 1972 3954 Gadanus,
2022 3871 2174 3940 sive
2207 3869 2537 3942 Adamus
2568 3867 3081 3954 Blacvodaeus,
3114 3871 3267 3942 sive

475 3983 834 4080 Georgius
866 3983 1260 4067 Critonius,
1313 3982 1548 4078 (cujus
1592 3992 1767 4057 sunt
1809 3985 2321 4078 elegantissimi
2366 4005 2619 4055 versus
2666 3982 3051 4075 subscripti
3092 3984 3270 4056 ima·

475 4101 656 4196 gini,
708 4122 856 4192 qua
900 4107 1056 4172 tota
1097 4099 1416 4193 ejusdem
1462 4099 1754 4194 reginae
1795 4100 2128 4192 martyrii
2173 4099 2543 4194 tragoedia
2582 4106 3157 4190 repraesentatur
3198 4108 3271 4169 et

475 4215 961 4307 exprimitur‚)
1013 4211 1388 4286 Scotorum
1437 4215 1814 4286 rebellium
1859 4213 2160 4295 furoreS,
2204 4213 2695 4292 ‚clandestinos
2746 4211 3270 4284 Germanorum

470 4329 994 4401 haereticorum
1027 4337 1348 4412 conatus,
1393 4327 1868 4424 foedifragam
1909 4337 1983 4400 et
2027 4327 2418 4406 sublectam
2464 4325 2931 4400 Elizabethae
2980 4329 3268 4419 spuriae

475 4443 924 4538 Anglieanae
957 4443 1401 4536 impietatem
1434 4444 1528 4516 ob
1559 4445 1800 4516 oculos
1833 4465 1982 4516 non
2011 4444 2166 4516 sine
2189 4443 2804 4517 commiseratione
2836 4451 2909 4514 et
2940 4443 3269 4538 indigna-

477 4560 676 4630 tione
706 4559 936 4652 ponit.
1039 4557 1344 4630 Initium
1376 4559 1712 4630 carminis
1739 4579 1761 4629 ε

1085 4685 1326 4756 ιωιηι,
1353 4683 1590 4764 hospitii
1615 4683 1828 4744 violato
1843 4687 2000 4764 μω,
2025 4687 2285 4748 meets

1085 4779 1366 4858 Reginam
1391 4779 1656 4838 manibus
1681 4789 1982 4860 cognatam
2007 4781 2265 4842 sustulit.

575 4889 944 4965 Hortatur
975 4893 1194 4966 etiam
1228 4889 1566 4985 Europae
1607 4893 1986 4987 principes,
2028 4901 2115 4965 ut
2161 4895 2453 4990 dignam
2502 4904 2751 4968 tantae
2796 4904 2871 4968 et
2914 4904 3063 4976 tam
3108 4917 3269 4968 san-

475 5014 630 5080 etae
695 5005 1009 5083 feminae
1072 5007 1405 5083 manibus
1489 5008 1838 5082 ultionem
1919 5019 2311 5103 praestent,
2394 5031 2525 5084 nec
2600 5009 2993 5106 augurium
3072 5007 3271 5082 fefel-

1864 5140 1897 5195 1

917 5309 970 5350 δ
