4384 5817
1026 583 1115 650 62
1788 583 2258 658 HISTORIA
2301 585 3056 660 EocLEslAsTlcs

1330 771 1551 848 Musa
1578 777 2001 868 mpestris
2915 775 3044 852 lib.
3081 795 3136 852 1.

1326 887 1841 984 'l'hymiamsta
1868 890 2256 966 Musarum
2917 891 3046 968 lib»
3082 909 3139 965 1.

1322 1001 1803 1100 Psychologia
1836 1004 2121 1080 Medio
2149 1016 2227 1081 et
2255 1005 2768 1102 Phibsophia
2913 1007 3044 1082 lib.
3079 1025 3140 1082 Ι.

1320 1115 1525 1190 Seria
1556 1119 1791 1192 mixta
1810 1121 2020 1216 jocis,
2055 1121 2385 1206 Parisiis.
2911 1121 3040 1197 lib.
3075 1137 3132 1194 1.

1318 1231 1825 1308 Deambulatio
1854 1235 2382 1331 metaphysica,
2415 1235 2786 1336 Lugduni,
2907 1237 3034 1312 lib.
3069 1253 3128 1312 1.

1318 1344 1589 1441 Stirpis
1618 1347 2027 1423 Borhoniae
2058 1349 2402 1424 Felicitas
2903 1353 3032 1426 lib.
3067 1369 3124 1426 1.

1110 1459 1331 1648 ¹Vtgrvit
1386 1461 1641 1548 adhuc,
1690 1474 1766 1536 et
1814 1467 2027 1558 plm
2070 1465 2416 1542 mutan
2489 1465 2772 1542 utinam
2827 1467 3102 1544 sineere
3155 1465 3322 1544 fidei
3381 1465 3820 1546 orthodoxae

1020 1597 1109 1648 cu
1252 1624 1273 1647 .

1744 1809 2300 1886 RonER'rUS
2343 1811 2826 1888 monus»
2930 1819 3100 1888 112.

1012 2037 1459 2114 Romarm
1489 2037 1835 2130 Aitonus,
1868 2043 2095 2118 nobili
2124 2047 2281 2122 loeo
2311 2055 2552 2132 natus,
2581 2067 2868 2120 summa
2897 2043 3330 2140 doquentis.
3365 2043 3804 2136 mmmm·

1010 2153 1139 2224 bili
1174 2175 1457 2229 morum
1490 2157 1850 2230 suavitate
1880 2181 1967 2231 ac
1997 2161 2369 2245 modestia,
2403 2161 2532 2232 diu
2561 2162 2642 2233 in
2673 2160 2930 2234 Galliis
2961 2161 3186 2234 bonas
3235 2167 3430 2236 artes
3475 2157 3810 2238 ualuit,

1009 2277 1082 2339 et
1110 2272 1557 2362 praeclarum
1588 2294 1761 2346 suae
1794 2273 2091 2346 virtutis
2122 2274 2482 2366 specimen
2530 2296 2932 2369 nomenque
2976 2275 3316 2368 reliquitt
3367 2273 3656 2346 tandem
3701 2293 3808 2344 re·

1008 2381 1184 2466 dux,
1242 2406 1459 2478 eques
1516 2397 1815 2460 auratus
1872 2389 2338 2460 renunciatus
2393 2389 2950 2485 augustissimae
3009 2387 3322 2484 Magnae
3381 2385 3802 2459 Britanniae

1004 2498 1297 2594 reginae
1349 2521 1397 2571 a
1450 2502 1762 2586 secretis,
1821 2525 1906 2574 ea
1962 2524 2039 2574 se
2094 2503 2582 2577 moderatione
2635 2503 2862 2600 gessit
2919 2511 2993 2576 et
3041 2503 3446 2596 prudentia,
3503 2510 3591 2573 ut
3639 2521 3804 2574 cum

1004 2632 1271 2706 magna
1300 2625 1489 2688 esset
1520 2617 1601 2688 in
1632 2619 1801 2688 aula
1822 2626 2268 2700 consecutus,
2299 2619 2576 2713 majora
2605 2641 2774 2692 eum
2807 2631 3054 2692 omnes
3086 2617 3347 2694 mereri
3381 2615 3804 2692 faterentur.

1004 2723 1193 2820 Ejus
1225 2739 1401 2807 sunt
1432 2733 1625 2827 stylo
1656 2731 1901 2806 omnia
1932 2732 2334 2806 tel-sissimo
2361 2755 2668 2827 raraque
2700 2732 3138 2808 inventionis
3170 2731 3534 2806 felicitate.

1302 2844 1645 2919 Poemata
1676 2845 1953 2923 Graeca
2891 2847 3018 2921 lib.
3056 2864 3108 2922 1.

1298 2956 1645 3033 Poemata
1676 2961 1944 3034 Latina
2653 3009 2660 3014 -
2891 2962 3014 3036 lib.
3052 2980 3105 3034 1.

1298 3073 1644 3148 Poemata
1676 3074 1957 3149 Scotica
2889 3075 3014 3150 lib.
3052 3093 3106 3150 1.

1296 3185 1643 3264 Poemata
1676 3190 1954 3265 Gallica
2886 3191 3012 3263 lib.
3051 3207 3106 3262 1.

1098 3299 1303 3377 Vivit
1334 3303 1549 3378 hodie
1582 3307 1661 3378 in
1693 3307 1861 3379 aula
1892 3303 2335 3391 Britannia,
2373 3307 2499 3379 sed
2529 3305 2738 3400 quasi
2769 3307 2851 3380 in
2885 3303 3242 3378 Parnasso
3275 3311 3405 3380 aut
3435 3301 3744 3396 Cyn-ha.

1744 3650 2239 3724 ANDREAS
2285 3647 2763 3722 AIDAEUS.
2869 3653 3040 3722 118.

991 3887 1403 3960 Anum-:ss
1436 3883 1757 3956 Aidaeus
1788 3881 2350 3965 AberdonensiS,
2384 3881 2776 3952 commilito
2813 3881 2988 3952 olim
3022 3901 3246 3962 meua,
3282 3877 3407 3950 sed
3443 3875 3538 3948 ab
3559 3876 3792 3968 impu-

990 4005 1266 4074 bertate
1299 4022 1447 4073 non
1478 3999 1702 4082 visus,
1734 3999 1815 4070 in
1848 3996 2260 4079 Germania,
2293 3995 2644 4078 Dantisei,
2675 4005 2763 4066 ut
2786 3995 3022 4078 audio,
3049 4004 3122 4067 et
3144 3993 3402 4088 Belgio
3426 3991 3650 4064 bonas
3675 4013 3792 4066 ar·

992 4129 1101 4191 tes
1136 4115 1455 4187 exercuit
1486 4133 1649 4184 cum
1683 4112 1917 4195 laude,
1952 4109 2444 4182 Kekermanni
2477 4111 2672 4181 illius
2713 4109 3088 4182 clarissimi
3115 4127 3496 4182 suecessor-
3561 4165 3568 4174 .
3599 4103 3788 4200 Ejus

990 4238 1163 4304 flunt
1190 4277 1209 4298 ·
1283 4339 1821 4415 Commentaria
1854 4338 1937 4411 in‘
1968 4338 2189 4410 libros
2221 4335 2640 4411 Aristotelis·
2673 4339 2766 4408 ad
2799 4337 3316 4412 Nicomachum
3467 4335 3592 4410 lib.
3629 4355 3682 4406 1.

1284 4455 1605 4552 Eelogae
1634 4455 1896 4535 decem,
1930 4455 2256 4544 exemplo
2291 4461 2365 4523 et
2395 4453 2676 4524 mimesi
2709 4449 3138 4548 Virgiliana.

1288 4569 1806 4643 Genethliacon
1842 4568 2200 4660 Principis
2234 4565 2574 4651 Palatini,
2608 4565 3178 4664 Heydelbergae‚
3467 4565 3592 4638 lib.
3631 4582 3683 4636 1.

1082 4686 1290 4761 Vivit
1322 4685 1576 4769 adhuc,
1610 4693 1685 4758 et
1716 4685 1967 4768 multa,
2002 4691 2086 4756 ut
2120 4683 2390 4768 ferunt,
2439 4682 2534 4754 ab
2563 4705 2648 4754 eo
2679 4682 2950 4778 ingenii
2991 4691 3458 4756 monumenta
3486 4681 3785 4776 promit·

984 4811 1264 4878 tuntur.
