4384 5817
1269 596 1627 667 GENTIS
1670 594 2238 677 scoTORUM,
2285 596 2470 669 LIB.
2519 596 2679 669 vn.
3259 598 3386 660 321

884 787 998 861 De
1028 785 1279 861 Asino·
1299 787 1601 861 Balaam
2373 787 2498 861 lib.
2535 806 2587 861 1.

682 902 933 1003 Rediit
968 902 1309 990 Parisios,
1342 913 1431 977 ut
1463 914 1823 977 asserunt.

1536 1135 2153 1211 GREGORIUS.
2257 1140 2429 1217 597.

580 1368 1096 1454 Gnssoonms,
1142 1370 1658 1445 coenobiarcha
1692 1387 1805 1443 lv·
1850 1368 2230 1443 Scotorum
2267 1369 2398 1463 qui
2441 1377 2618 1441 ‘sunt
2663 1368 2757 1439 ad
2799 1366 2892 1441 D.
2939 1366 2992 1441 J
2991 1368 3194 1441 scobi
3239 1390 3386 1440 ma-

572 1486 759 1581 joris
792 1488 869 1559 in
902 1486 1251 1561 suburbio
1284 1486 1818 1580 Her-bipolensi,
1856 1483 2167 1577 scripsit,
2201 1493 2290 1557 ut
2321 1484 2564 1569 audio,

887 1600 1257 1697 Excerpta
1284 1624 1379 1677 ex
1409 1604 1676 1677 sanctis
1710 1602 2053 1677 Patribus
2351 1600 2478 1673 lib.
2515 1618 2570 1673 1.

682 1718 1015 1793 Praefuit
1046 1720 1257 1793 annis
1290 1738 1373 1793 x.
1408 1720 1527 1792 vir
1556 1722 1723 1813 pius
1756 1729 1833 1794 et
1856 1720 2133 1791 doctus.
2210 1717 2419 1792 Obiit
2461 1739 2658 1793 anno
2685 1730 3008 1793 Mccvn.
3081 1714 3388 1791 Chroni-

584 1859 719 1911 eon
748 1836 928 1909 dieti
960 1836 1403 1923 monasterii,
1436 1836 1716 1911 editum
1748 1858 1795 1909 a
1826 1834 2259 1909 Trithemio.

1561 2066 2145 2143 GERARDUS.
2247 2072 2421 2149 598.

582 2301 1066 2389 Gauianus,
1098 2312 1175 2376 et
1205 2304 1361 2397 ipse
1392 2301 1813 2377 monasterii
1844 2300 2041 2375 illius
2080 2298 2464 2375 Scotorum
2509 2298 2730 2374 abbas
2779 2316 2896 2372 rx.
2945 2298 3258 2393 scripsit,
3301 2310 3388 2375 ut

582 2438 847 2512 aecem,
884 2484 1393 2609 Collectionem
1425 2534 1805 2609 Canonum
2369 2531 2499 2606 lib.
2538 2551 2592 2605 1.

681 2650 889 2725 Obiit
920 2674 1111 2725 anno
1146 2666 1533 2725 nemu.
1568 2652 1759 2725 sedit
1790 2650 2001 2725 annis
2032 2666 2183 2724 vn.
2285 2648 2698 2725 chronicon
2731 2648 2910 2723 dicti
2943 2650 3384 2723 monasterii.

1376 2881 1755 2957 GILDAS
1800 2880 2314 2956 ALDANUS.
2417 2884 2594 2963 599.

582 3113 905 3188 Gumis
931 3112 1289 3201 Aldanus,
1314 3112 1685 3187 Candidae
1716 3113 1945 3189 Casae
1966 3114 2354 3211 ‘episcopus
2385 3114 2866 3209 inauguratus
2891 3112 3387 3199 a‘Thurstino,

582 3228 1027 3303 Eboraoensi
1060 3229 1615 3323 archiepiscope.
1716 3228 2061 3302 Meminit
2102 3230 2512 3323 Polydorus
2556 3226 2942 3326 Virgilius,
2991 3230 3396 3302 mendacio-

581 3366 745 3418 rum
780 3346 1351 3440 loquacissimus,
1386 3344 1514 3417 lib.
1550 3361 1668 3416 xl.
1706 3342 1989 3416 Histor.
2022 3343 2494 3441 Anglieanae.
2597 3342 2914 3443 Scripsit,

883 3460 999 3537 De
1034 3460 1397 3535 Ecclesiae
1428 3458 1750 3534 Scoticae
1784 3458 2201 3557 Privilegiis
2447 3458 2576 3533 lib.
2613 3478 2667 3532 1.
2767 3458 2888 3535 Eo
2918 3482 3132 3553 opere
3164 3462 3396 3555 impo-

978 3586 1252 3653 tentem
1302 3578 1723 3671 praesulum
1769 3574 2183 3673 Anglorum
2231 3576 2692 3651 insolentiam
2739 3586 3199 3673 represserat,
3245 3599 3392 3650 non

986 3692 1539 3767 continuaverat
1570 3692 2101 3777 auctoritatem,
2132 3703 2224 3765 nt
2253 3692 2377 3765 ille
2407 3694 2592 3767 vult.

684 3810 975 3883 Floruit
1008 3831 1201 3883 anno
1238 3826 1443 3882 Mox·

1057 4034 1720 4111 ALEXANDER
1770 4034 2572 4113 GALLOVIDIANU
2571 4040 2646 4113 S
2749 3976 2919 4115 600.

582 4272 1139 4345 Anssnunnn
1160 4269 1737 4355 Gallovidianus,
1762 4268 2256 4345 Kilkeldensis
2279 4272 2614 4346 eeclesiae
2635 4280 2908 4369 pastor,
2937 4278 3076 4363 vir,
3101 4286 3396 4373 praeter

582 4390 943 4485 insignem
1010 4386 1473 4481 probitatem,
1546 4406 1793 4459 rerum
1870 4386 2461 4490 admirandarum
2515 4390 2768 4466 studio
2823 4392 3394 4490 incomparabili,

586 4500 997 4691 scriPSitDe
1064 4616 1471 4691 Hebridum
1552 4616 1969 4693 Insularum
2052 4616 2366 4709 Natum,
2439 4632 2516 4697 et
2577 4622 2988 4701 Arboribus
3053 4624 3398 4701 anserife-

982 4734 1089 4807 ris
1332 4732 1457 4807 lib.
1495 4751 1550 4807 1.
1653 4732 1819 4807 Hoc
1866 4756 2041 4809 sane
2086 4756 2322 4833 genus
2367 4740 2620 4815 svium
2667 4741 3046 4816 arboribus
3094 4743 3177 4815 in
3227 4742 3398 4816 Seo-

986 4852 1095 4923 tia
1138 4848 1464 4946 produci,
1504 4858 1793 4944 praeter
1840 4860 2228 4942 nostrates,
2267 4854 2594 4931 docuerit
2643 4854 3128 4945 Ptolmnaeus,
3179 4858 3400 4933 Mun-
