4384 5817
1106 554 1239 621 288
1868 552 2348 625 HISTORIA
2389 552 3148 625 ECCLESIASTICA

1404 744 2031 821 ProMonasterio
2060 768 2198 820 suo
2605 746 2732 821 lib.
2769 766 2826 819 1.
2861 744 3898 845 cuiprivilegisetconfirma-

1510 864 1781 937 tionem
1814 886 1861 935 a
1892 862 2286 937 Benedicto
2315 860 2494 937 VII.
2527 862 2978 957 impetravit.

1208 980 1600 1074 Depositus
1648 990 1759 1055 est
1804 998 1999 1053 anno
2042 996 2526 1053 Dcccxxcn.
2573 982 2694 1053 vel
2739 990 3032 1054 centum
3083 980 3296 1053 annis
3343 980 3601 1065 serius,
3649 992 3738 1054 ut
3783 982 3902 1053 alii

1108 1098 1455 1171 scribunt.
1556 1096 1845 1172 Colitur
1876 1114 2089 1170 xxx.
2124 1094 2432 1189 Aprilis.

1906 1329 1983 1403 S.
2032 1326 2832 1403 FRJTHWALDUS.
2935 1334 3110 1405 624.

1107 1568 1181 1639 S.
1219 1566 1845 1639 FRITRWALDus
1876 1562 2157 1648 Scotus,
2188 1564 2564 1657 episcopm
2598 1562 2966 1637 Candidae
3007 1563 3262 1650 Casae,
3305 1584 3494 1659 quse
3535 1572 3611 1637 et
3655 1564 3732 1637 S.
3773 1564 3904 1636 Ni-

1102 1684 1327 1770 niani,
1360 1704 1487 1755 seu
1522 1682 1597 1755 S.
1632 1680 1923 1767 Nimae,
1958 1688 2031 1753 et
2064 1704 2112 1753 a
2142 1678 2562 1752 Ptolomaeo
2611 1676 3040 1755 Aenum
3085 1682 3300 1755 dicta.
3395 1678 3610 1753 Vixit
3658 1690 3902 1753 autem

1102 1797 1359 1873 florido
1408 1800 1535 1871 illo
1592 1806 1669 1871 et
1714 1792 2129 1871 sanctorum
2180 1794 2418 1869 ferace
2471 1798 2732 1881 seculo,
2789 1809 3082 1871 centum
3137 1798 3410 1871 scilicet
3465 1798 3678 1871 annis
3729 1808 3898 1871 ante

1100 1916 1461 1989 excidium
1505 1914 1903 1998 Pictorum,
1950 1914 2043 1985 de
2085 1935 2232 2007 quo
2275 1912 2578 1985 delendo
2621 1916 2859 1988 multa
2901 1916 3362 2001 vaticinatum,
3413 1936 3602 2009 quae
3649 1922 3898 2008 postea

1098 2042 1517 2107 evenerunt.
1600 2030 1915 2125 Reperio
1943 2052 2111 2103 eum
2144 2030 2241 2103 ab
2269 2026 2576 2103 Ethfino
2607 2054 2778 2128 rege
2803 2034 2896 2105 ad
2924 2032 3168 2106 Pictos
3193 2041 3554 2105 oratorem
3577 2033 3900 2113 missum,
4049 2096 4067 2123 ,

1098 2151 1226 2243 qui
1256 2172 1427 2223 rara
1454 2172 1543 2223 ca
1574 2156 1809 2221 aetate
1840 2146 2200 2233 facundia,
2235 2154 2310 2219 et
2339 2148 2573 2243 gratis
2618 2149 2711 2220 ad
2755 2148 3000 2223 Deum
3043 2148 3402 2243 precibus,
3449 2147 3902 2242 ferventique

1086 2270 1395 2364 jejunio,
1432 2274 1507 2340 et
1536 2266 1785 2339 crebra
1814 2266 2133 2361 corporis
2164 2266 2672 2353 maceratione,
2707 2266 2978 2339 bellum
3002 2276 3236 2351 atrox,
3265 2266 3464 2361 quod
3485 2265 3898 2360 parabatur,

1094 2386 1401 2459 distulit.
1502 2382 1807 2477 Scripsit

1391 2502 1515 2577 Ad
1550 2502 1869 2585 Unnust,
1900 2499 2274 2574 Pictorum
2309 2500 2608 2597 Regem,
2767 2500 2893 2573 lib.
2929 2519 2987 2572 1.
3055 2500 3278 2575 Hunc
3297 2522 3347 2575 a
3365 2498 3635 2573 nostris
3663 2493 3896 2571 Ham-

1490 2640 1681 2714 gum
1710 2618 1855 2689 dici
1888 2618 2249 2689 existimo.

1392 2735 1682 2808 Laudes
1712 2732 2045 2831 Virginis
2076 2732 2436 2827 Deiparae
2765 2732 2892 2805 lib.
2932 2752 2987 2806 1.

1034 2892 1043 2899 ·
1193 2852 1587 2947 Depositus
1618 2860 1730 2925 est
1763 2873 1956 2923 anno
1990 2867 2387 2923 nchxlv.
2473 2846 2803 2925 Tabulae
2835 2848 3430 2935 Gallovidienses,
3463 2856 3538 2922 et
3572 2846 3899 2921 Hovede-

1096 2994 1234 3045 nus
1268 2992 1434 3045 cum
1468 2968 1853 3041 Francisco
1888 2964 2270 3039 Godwino.

1810 3198 2356 3275 FENTRIAE
2405 3198 2830 3275 DOMINU
2831 3200 2904 3275 S.
3007 3204 3180 3275 52⁵.

1094 3442 1473 3515 Mna-n
1506 3438 1871 3524 Graimus,
1907 3438 2250 3511 Fentriae
2293 3435 2660 3530 toparcha,
2705 3458 2874 3509 cum
2903 3434 3414 3509 ardentissimo
3441 3434 3600 3506 zelo
3637 3434 3898 3509 Catho-

1092 3560 1301 3633 licam
1338 3558 1553 3631 fidem
1586 3561 2071 3654 promoveret,
2108 3578 2155 3627 a
2184 3552 2548 3625 Sathenae
2579 3553 2936 3627 ministris
2967 3552 3512 3626 criminationes
3551 3551 3898 3635 subditae,

898 3730 903 3739 .
1056 3688 1065 3695 ’
1094 3677 1359 3770 quibus
1393 3676 1513 3749 vir
1540 3674 1809 3747 nobilis
1842 3680 1919 3745 et
1940 3672 2305 3756 innocens,
2339 3670 2558 3741 alieni
2580 3670 2906 3743 criminis
2927 3669 3416 3757 insimulatus,
3446 3691 3582 3763 pro
3607 3668 3898 3741 Christo

1092 3795 1407 3867 cervices
1440 3793 1661 3876 dedit,
1696 3814 1779 3863 ac
1812 3792 2047 3863 laetus
2084 3790 2167 3861 in
2216 3790 2496 3861 coelum
2541 3786 2882 3871 evolavit,
2925 3786 3314 3883 glandibus
3355 3784 3710 3881 plumbeis
3753 3796 3898 3857 tra·

1032 3970 1045 3981 .
1084 3912 1346 4008 jectus,
1381 3918 1457 3983 et
1488 3908 1677 3981 mari
1708 3909 2099 3980 demersus.
2202 3902 2572 3977 Gilbertus
2603 3902 2906 3977 Brunus
2937 3904 3022 3975 in
3053 3901 3428 3977 Analcetis
3457 3924 3625 4001 pag.
3662 3920 3715 3974 1.

1196 4027 1275 4100 N
1274 4051 1354 4101 ec
1418 4050 1692 4103 annum
1756 4047 1889 4099 nec
1954 4024 2147 4099 diem
2211 4022 2470 4117 reperi,
2552 4021 2682 4093 sed
2745 4022 3052 4119 conjicio
3115 4042 3308 4093 anno
3375 4036 3748 4093 Mnxcnl.
3825 4020 3898 4091 id

962 4168 995 4209 ·.
1093 4144 1390 4220 factum.

2046 4371 2653 4450 FORBASSUS.
2757 4370 2928 4447 526.

1094 4611 1193 4685 N.
1262 4610 1750 4694 FonBAssUS,
1820 4610 2262 4684 vicecomitis
2343 4609 2538 4703 apud
2604 4607 3060 4701 aquilonares
3145 4607 3226 4678 in
3291 4604 3670 4677 Buchania
3735 4604 3904 4678 Sco-

1093 4742 1207 4804 tos
1282 4728 1767 4823 potentissimi
1848 4726 2041 4835 filius
2118 4752 2202 4800 ac
2279 4727 2554 4811 haeres,
2637 4726 2718 4799 in
2799 4724 3076 4797 haeresi
3141 4724 3512 4805 educatus,
3583 4744 3630 4793 a
3695 4732 3902 4815 patre

1094 4848 1405 4942 quodam
1465 4845 1967 4930 Franciscano,
2024 4846 2386 4919 medicum
2443 4845 2852 4927 simulante,
2911 4850 2986 4915 et
3043 4843 3136 4913 ad
3197 4848 3574 4938 aegrotum
3631 4838 3897 4912 admis-
