4384 5817
1207 581 1565 650 GENTIS
1608 577 2169 661 SCOTORUM,
2218 577 2400 648 LIB.
2451 578 2612 646 vn.
3195 576 3326 640 313

3251 843 3324 861 2!

1418 887 1493 962 S.
1546 885 2141 964 GISVALDUS.
2249 891 2419 960 582.

528 1121 601 1192 S.
638 1121 1111 1194 GlstLDUS
1144 1122 1525 1207 confessor,
1560 1121 1795 1195 socius
1828 1145 1913 1193 ac
1945 1121 2342 1212 discipulus
2374 1118 2446 1191 S.
2487 1118 2890 1211 Disybodii,
2925 1125 3001 1192 et
3033 1139 3202 1190 cum
3233 1139 3322 1188 eo

530 1259 621 1309 ex
652 1239 891 1331 patria
922 1259 1249 1334 egressus
1283 1239 1362 1309 in
1398 1237 1652 1334 Belgio
1684 1237 2014 1310 substitit
2048 1237 2143 1307 ad
2170 1235 2500 1308 Montem
2532 1234 2710 1305 Divi
2745 1231 2972 1317 Petri,
2997 1241 3083 1304 ut
3108 1254 3328 1326 supra

528 1354 651 1427 lib.
690 1370 801 1425 lv·
836 1355 1134 1437 dictum,
1182 1363 1255 1425 et
1299 1354 1456 1426 vita
1498 1354 1693 1446 apud
1736 1353 2034 1424 Surium
2080 1361 2414 1424 testatur.
2518 1348 2746 1422 Errat
2791 1372 2965 1420 vero
3009 1346 3061 1418 J
3061 1370 3328 1420 oannes

530 1469 893 1554 Leslaeus,
926 1469 1054 1563 qui
1089 1469 1169 1540 in
1202 1468 1439 1540 Fulda
1470 1491 1591 1541 eos
1624 1469 1895 1540 vixisse
1926 1468 2178 1541 scribit
2213 1465 2340 1540 lib.
2376 1484 2488 1538 IV.
2523 1487 2688 1562 pag.
2728 1482 2955 1536 CLXI.
2991 1487 3164 1534 nam
3197 1464 3327 1535 diu

528 1590 693 1678 post
724 1583 857 1656 hos
888 1583 1028 1656 Dei
1062 1585 1257 1657 viros
1290 1584 1649 1677 depositos
1684 1585 1923 1656 Fulda
1953 1607 2001 1654 a
2032 1582 2266 1657 Scotis
2300 1583 2637 1667 condita3
2687 1589 2775 1654 ut
2822 1581 2902 1652 in
2937 1578 3068 1652 SS.
3104 1579 3330 1652 Boni·
3401 1669 3408 1676 .

530 1701 697 1774 facii
764 1709 838 1773 et
898 1683 1183 1772 Rabani
1245 1702 1448 1785 actiS,
1508 1702 1645 1773 hoc
1703 1722 1942 1793 opere.
2053 1699 2344 1794 Scripta
2400 1698 2940 1772 interciderunt.
3052 1694 3336 1770 claruit

532 1839 721 1892 anno
756 1834 1105 1890 Dcnxlv.
2380 1809 2384 1813 ’

1502 2049 1577 2122 s,
1628 2009 2085 2121 GoNoRA.
2188 2051 2362 2120 583.

536 2284 611 2356 S.
640 2275 1023 2368 ‘GoNonA,
1056 2304 1186 2355 seu
1220 2281 1587 2364 Guanora,
1626 2277 1942 2352 Arthuri
1976 2281 2171 2352 illius
2207 2279 2502 2353 celebris
2535 2278 2850 2375 Angliae
2878 2281 3072 2376 ‚regis
3126 2302 3334 2363 uxor,

537 2412 608 2475 et
665 2401 917 2472 vivens
970 2409 1043 2472 et
1100 2399 1427 2491 deposita
1478 2379 1637 2469 Deo
1684 2406 1994 2488 accepta,
2052 2405 2267 2490 capta
2321 2397 2402 2468 in
2449 2397 2721 2490 praelio
2779 2420 2826 2470 a
2887 2395 3118 2476 Sectis
3180 2396 3342 2468 Pic-

536 2517 793 2610 tisque,
858 2517 985 2608 qui
1050 2516 1143 2588 ad
1210 2513 1627 2586 Humbrum
1690 2511 2105 2586 Arthurum
2170 2513 2532 2599 fuderant,
2601 2513 2682 2584 in
2747 2511 2990 2584 Scotia
3053 2515 3338 2606 sepulta

538 2633 871 2728 Megylae
920 2631 1337 2703 duodecimo
1386 2628 1478 2700 ab
1526 2628 1782 2702 Alecto
1832 2629 2145 2714 milliari,
2205 2627 2331 2701 ubi
2383 2629 2780 2700 etiamnum
2832 2629 3048 2700 hodie
3096 2637 3339 2700 tumu-

535 2751 649 2820 lus
696 2747 981 2831 visitur,
1038 2745 1405 2817 miraculis
1448 2744 1777 2828 assiduis,
1817 2745 2141 2816 sectariis
2190 2744 2370 2838 ipsis
2419 2743 2840 2828 fatentibus,
2889 2741 3337 2827 celebratus3

535 2887 705 2936 nam
769 2884 1231 2956 quaecunque
1296 2861 1633 2932 mulieres
1698 2860 1937 2932 locum
1994 2863 2292 2945 calcant,
2359 2859 2836 2944 sterilescunt,
2895 2881 3120 2954 quare
3177 2866 3346 2932 ante

534 3001 799 3074 paucos
862 2999 1110 3063 annos,
1194 2999 1361 3050 cum
1440 2975 1851 3069 frequentes
1934 2997 2021 3048 eo
2098 2977 2410 3049 feminae
2473 2976 3004 3048 incontinentes
3077 2973 3348 3047 conflu-

538 3105 761 3180 erent,
818 3103 905 3168 nt
952 3095 1247 3187 impune
1297 3091 1664 3164 libidinari
1715 3101 2033 3185 possent,
2093 3115 2228 3165 nec
2275 3101 2567 3165 uterum
2615 3100 2925 3188 gestare,
2983 3092 3194 3184 quasi
3243 3090 3350 3161 bi-

537 3208 799 3290 dental,
858 3205 1111 3298 cippus
1167 3226 1377 3275 muro
1430 3203 1769 3276 inclusus.
1879 3205 2153 3281 Hector
2211 3208 2565 3280 Boethius
2620 3207 2744 3279 lib.
2800 3225 2916 3278 lx.
2979 3228 3132 3299 cap.
3192 3223 3344 3278 ΧΠ.

540 3323 617 3393 in
671 3322 996 3394 versione
1040 3321 1327 3416 vulgari
1373 3318 1422 3389 J
1424 3318 1624 3390 acobi
1659 3317 2083 3408 Ballantini,
2133 3323 2452 3418 theologi
2485 3322 2980 3408 Sorbonensis,
3033 3322 3156 3394 ubi
3191 3322 3340 3394 sic:

542 3447 587 3480 “
620 3434 998 3510 Guanorae
1031 3436 1357 3508 tumulus
1403 3444 1555 3507 tam
1604 3436 1935 3534 religiose
1985 3438 2250 3522 aditur,
2297 3447 2387 3511 ut
2435 3439 2772 3510 mulieres
2821 3439 3028 3511 illum
3079 3440 3348 3510 calcare

540 3560 945 3637 vereantur,
978 3561 1241 3647 putant
1289 3551 1483 3624 enim
1532 3551 1883 3624 calcantes
1932 3553 2137 3626 reddi
2187 3555 2493 3637 steriles,
2541 3566 2630 3625 ut
2678 3554 2837 3648 ipsa
2883 3551 3094 3625 fuit.”
3193 3551 3350 3624 Me-

538 3669 755 3742 minit
786 3667 838 3739 J
836 3691 1103 3742 oannes
1133 3667 1477 3740 Leslaeus
1514 3666 1637 3737 lib.
1683 3683 1792 3738 lv,
1828 3691 1993 3766 pag.
2031 3686 2316 3740 chvl.
2420 3669 2567 3741 Hic
2614 3679 2726 3742 est
2773 3670 2893 3742 ille
2921 3668 3344 3763 „Arthurns,

540 3787 629 3858 de
693 3807 839 3879 quo
904 3782 1299 3856 Gaufridus
1367 3782 1937 3856 Monumetensis
2019 3793 2228 3857 tanta
2305 3807 2390 3857 ac
2453 3793 2606 3856 tam
2674 3786 3090 3882 prodigiosa
3159 3807 3350 3857 com-

540 3911 849 3986 mentus,
894 3909 985 3973 ut
1016 3899 1277 3972 merito
1310 3899 1579 3971 ironice
1612 3895 2015 3972 Arthurius
2063 3901 2391 3974 dicatur:
2441 3902 2588 3984 ille,
2638 3901 2699 3973 si
2751 3925 2988 3998 nugae
3037 3904 3346 3995 placent,

540 4041 689 4092 non
718 4017 1063 4089 finitimos
1098 4017 1313 4088 modo
1346 4014 1616 4099 Scotos,
1671 4012 1937 4102 Pictos,
1988 4025 2061 4088 et
2104 4014 2472 4089 Hibernos
2521 4018 2659 4090 sibi
2709 4017 3052 4102 subdidit,
3101 4017 3226 4089 sed
3277 4028 3350 4088 et

541 4133 891 4218 Islandos,
982 4131 1443 4216 Pomeranos,
1525 4128 1905 4218 Lituanos,
1996 4132 2327 4218 Russios,
2415 4133 2689 4219 Dauos,
2783 4133 3348 4216 Fin-Marchios,

539 4249 911 4342 zelandos,
971 4247 1315 4333 Livonos,
1376 4245 1675 4330 Gothos,
1734 4244 2175 4336 Armoricos,
2238 4247 2618 4336 Flandros,
2675 4249 3102 4336 Hollandos,
3165 4247 3348 4322 Bra-

542 4368 821 4452 bantos,
888 4363 1239 4449 Morinos,
1308 4363 1773 4446 Orcadianos,
1840 4361 2264 4450 Britannos,
2319 4365 2838 4460 universasque
2900 4365 3172 4440 Gallias
3233 4369 3347 4440 sui

533 4483 725 4578 juris
780 4481 1003 4565 fecit3
1072 4481 1369 4572 insuper
1424 4477 1887 4562 Graecorum,
1947 4479 2356 4563 Persarum,
2414 4479 2800 4584 Medorum
2859 4504 3066 4579 reges
3099 4483 3347 4562 ‘vecti-

540 4601 737 4694 gales
790 4597 1004 4682 fecit;
1066 4596 1395 4689 denique,
1455 4617 1545 4665 ne
1602 4594 1783 4686 quid·
1832 4594 2097 4667 solidae
2151 4595 2426 4690 gloriae
2483 4597 2782 4684 deesset,
2843 4597 3154 4670 Lucium
3199 4596 3347 4666 Ro-

542 4737 917 4786 manorum
992 4713 1495 4806 imperatorem
1562 4708 1699 4780 sub
1754 4711 2021 4808 jugum
2080 4709 2305 4782 misit.
2411 4711 2517 4784 Et
2573 4715 2738 4806 quis
2797 4714 2972 4785 haec
3035 4712 3347 4786 Autum-

543 4832 619 4902 ni
690 4831 991 4915 somnia,
1049 4838 1129 4902 et
1195 4826 1518 4899 Milesias
1584 4825 2089 4900 fascinationes
2154 4823 2365 4912 ferat,
2441 4841 2606 4900 cum
2665 4852 2712 4900 a
2769 4827 3000 4901 Scotis
3055 4828 3175 4900 ille
3229 4825 3349 4897 Pi-
