4384 5817
1082 1504 1220 1603 D.
1297 1502 1930 1653 IRVINUS
1999 1501 2659 1603 LECTORI
2738 1498 2829 1601 S.

573 1924 858 2011 Inrnn
895 1950 1037 2009 eos
1073 1924 1247 2036 qui,
1297 1923 1648 2007 ineunte
1699 1915 1980 2007 seculo
2031 1922 2357 2007 decimo
2407 1922 2786 2034 septimo,
2838 1924 3335 2011 eruditionis

569 2054 792 2139 fama
819 2052 1212 2152 claruere,
1235 2062 1572 2135 tantum
1603 2079 1776 2134 non
1805 2051 2271 2163 principem
2300 2051 2630 2139 obtinet
2656 2050 2937 2137 locum
2967 2054 3335 2143 Thomas

567 2182 1144 2295 DempsteruS,
1179 2180 1434 2263 homo
1471 2180 1788 2279 Scotus,
1825 2190 1916 2261 et
1951 2179 2251 2263 Scotici
2290 2180 2655 2263 nominis
2692 2181 3005 2267 vindex
3040 2188 3339 2271 acen-i-

565 2340 780 2397 muS.
891 2310 1362 2421 Utriusque
1397 2306 1738 2419 linguae
1785 2308 1956 2392 fuit
2005 2307 2555 2427 doctissimus
2586 2308 2715 2393 'ad
2732 2356 2739 2363 ·
2755 2310 3340 2423 jurispruden.

567 2442 736 2525 tiae
808 2436 1148 2523 laudem
1215 2436 1816 2520 humaniorum
1875 2434 2321 2520 literarum
2386 2436 2643 2521 decus
2708 2438 3147 2550 adjecerat,
3225 2458 3333 2546 et,

567 2568 800 2682 quod
835 2577 1093 2680 caput
1127 2578 1276 2665 est,
1312 2564 1631 2677 patriae
1669 2590 1996 2677 semper
2031 2564 2202 2648 fuit
2229 2566 2871 2653 amantissimus
2968 2568 3183 2655 Erat
3209 2572 3337 2659 illi

567 2696 984 2783 fervidum
1022 2694 1482 2806 ingenium,
1531 2692 1872 2777 insolita
1919 2694 2371 2779 memoriae
2419 2695 2565 2795 vis,
2614 2695 2765 2779 sed
2814 2696 3101 2783 deerat
3151 2712 3343 2788 acre
3400 2804 3409 2813 ,

567 2826 1178 2936 subactumque
1224 2822 1696 2936 judicium3
1755 2833 1844 2907 et
1893 2822 2245 2907 dictioni
2298 2825 2502 2935 ejus,
2557 2824 2757 2909 satis
2810 2812 2937 2909 illi
2988 2830 3333 2940 quidem

567 2956 968 3069 copiosae,
1007 2954 1285 3037 nescio
1322 2952 1532 3063 quid
1569 2950 1968 3063 antiquae
2006 2950 2471 3063 elegantiae
2508 2980 2681 3037 non
2720 2982 2909 3039 raro
2945 2958 3201 3045 abest.

528 3138 543 3154 ·
677 3084 800 3170 At
831 3112 1032 3168 vero
1067 3079 1342 3194 qualis
1380 3092 1920 3193 quantusque
1955 3080 2086 3163 vir
2134 3080 2421 3181 fuerit,
2472 3092 2573 3165 tu
2622 3081 2868 3169 facile
2916 3084 3181 3173 discas
3231 3094 3337 3176 ab

565 3212 896 3326 Angelo
961 3210 1402 3309 Fabronio,
1479 3208 1906 3293 Historiae
1979 3208 2481 3294 Academiae
2557 3210 2907 3296 Pisanae
2982 3226 3183 3302 tom.
3250 3220 3331 3304 ii.

565 3372 647 3457 p.
685 3349 878 3427 234.
991 3352 1038 3391 “
1073 3340 1212 3423 Ex
1249 3367 1350 3422 eo
1399 3350 1777 3449 tempore
1829 3335 2068 3421 siluit
2118 3338 2736 3424 Pandectarum
2781 3342 3180 3429 cathedra
3228 3352 3335 3433 ad

567 3498 884 3557 annum
923 3495 1195 3581 usque
1241 3468 1479 3568 1616,
1517 3494 1688 3578 quo
1726 3464 1961 3549 illam
1997 3466 2437 3579 occupavit
2488 3466 2857 3553 Thomas
2892 3471 3335 3585 Dempste-

566 3628 732 3687 rua.
847 3596 1244 3683 Hominis
1307 3596 1674 3708 dignitas
1733 3607 1992 3707 atque
2056 3596 2280 3679 fama
2344 3596 2805 3682 admonent
2858 3626 3033 3699 noS,
3089 3614 3193 3685 ut
3246 3606 3341 3689 in'

563 3728 794 3814 illius
829 3728 1004 3812 vita
1040 3724 1534 3839 explicanda
1569 3722 2044 3837 paullulum
2085 3724 3041 3811 immoremur.—Natus
3078 3744 3209 3815 est
3244 3733 3335 3819 in
3471 3838 3476 3843 .

564 3858 842 3943 Scotia
879 3854 1165 3955 nobili,
1203 3866 1302 3939 ut
1349 3854 1642 3952 fertur,
1690 3879 2016 3964 genere,
2067 3852 2303 3964 quod
2348 3850 2633 3964 plures
2683 3850 3067 3942 homines
3114 3863 3339 3973 pacis

565 4000 656 4075 et
688 3983 892 4071 belli
929 3984 1252 4069 artibus
1289 3981 1490 4066 clari
1528 3979 2172 4066 illustraverant.
2288 3978 2491 4064 Noli
2530 3994 2831 4094 putare
2867 3986 3335 4101 quidquam

561 4114 810 4201 illum
844 4112 984 4213 vel
1021 4142 1072 4197 a
1121 4112 1397 4225 prima
1447 4120 1724 4195 aetate
1773 4108 2186 4209 maluisse,
2238 4137 2496 4221 quam
2544 4122 2645 4195 ut
2697 4140 2837 4197 eos
2891 4114 3157 4227 gloria
3204 4128 3345 4206 ae-‘

565 4256 886 4357 quaret,
925 4272 1020 4327 ac
1056 4240 1434 4327 sedulam
1472 4241 1680 4326 adeo
1718 4267 2056 4351 operam
2096 4238 2489 4323 Lutetiae
2530 4240 3037 4357 Parisiorum
3092 4276 3339 4334 nava-

563 4374 688 4457 vit
715 4372 932 4487 juris
969 4370 1470 4485 prudentiae
1506 4367 1812 4467 studio,
1849 4380 1952 4454 ut
1990 4396 2162 4451 non
2212 4369 2489 4468 mod0,
2538 4397 2733 4454 cum
2784 4384 3069 4483 ageret
3118 4405 3335 4461 xvn.

565 4502 866 4587 aetatis
901 4528 1246 4599 annum,
1295 4497 1584 4582 laurea
1633 4498 2074 4582 decoratus
2124 4498 2405 4598 fuerit,
2457 4498 2605 4583 sed
2654 4510 2745 4583 et
2794 4528 2969 4584 non
3018 4504 3335 4591 multos

563 4641 758 4745 post
799 4658 1064 4715 annos
1115 4626 1604 4741 disciplinae
1661 4625 1892 4711 illius
1941 4624 2277 4739 publice
2327 4626 2753 4715 docendae
2804 4657 3017 4716 onus
3068 4662 3338 4721 susce-

565 4759 810 4873 perit,
859 4760 951 4843 in
989 4758 1344 4859 Davidis
1395 4754 1742 4842 Sincleri
1791 4754 2074 4957 loctblm
2125 4756 2597 4867 succedens,
2714 4756 2875 4845 Vel
2926 4772 3127 4849 ante
3178 4763 3337 4851 hoc
