4384 5817
1258 565 1619 638 GENTIS
1664 561 2228 646 SCOTORUM,
2267 561 2454 632 LIB.
2499 559 2624 628 vl.
3181 557 3354 628 *289

847 761 961 833 De
993 759 1343 854 Antiquis
1380 757 1779 852 Hispaniae
1814 755 2366 834 Habitatoribus
2563 753 2690 828 lib.
2727 771 2782 826 1.
2884 748 3188 824 Viderat
3217 749 3270 821 J
3270 773 3346 824 o·

944 899 1167 952 annes
1200 877 1546 961 Camers3
1597 876 1872 968 prodiit
1904 873 2278 972 Lugduni.

648 993 931 1068 Claruit
963 1003 1157 1068 anno
1190 1010 1415 1066 mm.

1396 1226 1447 1298 J
1445 1223 1849 1300 ACOBUS
1899 1221 2506 1297 FORBASSUS.

546 1460 599 1532 J
599 1477 913 1534 Aconus
947 1457 1370 1543 Forbassus,
1404 1458 1811 1531 adolescens
1850 1456 2135 1542 nobilis,
2170 1455 2412 1530 Scotia
2444 1455 2717 1541 relicta,
2771 1453 3088 1528 Parisios
3123 1455 3343 1537 venit,

550 1578 717 1652 inde
768 1575 1126 1652 Romam:
1190 1576 1623 1648 amoenitate
1680 1573 1957 1671 ingemi
2006 1573 2292 1658 claruit,
2341 1572 2576 1666 apices
2615 1571 2812 1668 Juris
2857 1573 2941 1645 in
2989 1571 3350 1646 academia

552 1693 907 1768 Perusina
938 1695 1265 1788 adeptus.
1366 1691 1629 1764 Edidit
1774 1689 1903 1764 lib.
1954 1739 1978 1764 .
2030 1739 2051 1762 .
2104 1739 2129 1763 .

646 1809 857 1885 Vivit
888 1811 1125 1884 adhuc
1156 1810 1458 1884 Romae.

1450 2041 1527 2115 S.
1578 2039 2163 2117 FOTHADUS.
2267 2043 2438 2114 545.

553 2288 598 2322 “
628 2278 705 2351 84
742 2277 1223 2362 FoTHADUS,
1248 2277 1691 2374 ingeniosus,
1725 2277 2001 2360 doctus,
2034 2277 2440 2370 eloquens,”
2473 2275 2582 2348 ait
2608 2274 2944 2362 Balaeus,
2969 2275 3062 2350 ab
3084 2275 3356 2372 Alphe-

548 2418 631 2468 ro
663 2393 1105 2468 Merciorum
1149 2395 1409 2466 comite
1451 2394 1531 2466 in
1564 2391 1917 2490 Angliam
1965 2392 2232 2465 missus
2280 2393 2376 2465 ad
2425 2391 2829 2466 Elfritham
2875 2395 3225 2491 reginam,
3275 2395 3354 2467 in

548 2511 825 2605 synodo
870 2509 1207 2584 Calvensi
1236 2509 1708 2582 Dunstanum
1749 2508 2187 2582 Cantuariae
2231 2508 2856 2604 archiepiscopum
2905 2512 3354 2607 argumentis

548 2629 657 2701 ita
686 2627 1083 2721 superavit,
1114 2636 1203 2701 ut
1234 2628 1357 2700 ille
1389 2627 1675 2700 senium
1707 2634 2104 2710 excusaret,
2138 2647 2272 2698 nec
2303 2647 2382 2699 se
2414 2648 2624 2720 posse
2649 2627 3074 2723 hujusmodi
3097 2627 3358 2702 disser-

547 2741 949 2816 tationibus
1001 2763 1279 2827 vacare,
1330 2765 1617 2836 eosque,
1665 2765 1916 2815 eversa
1967 2743 2183 2815 domo
2231 2741 2313 2814 in
2357 2764 2508 2836 qua
2554 2741 2954 2838 disputatio
3000 2743 3360 2828 instituta,

548 2858 855 2932 interfici
892 2859 1212 2946 curarit;
1260 2861 1373 2932 ita
1404 2861 1519 2932 vir
1551 2861 1825 2956 ingenii
1857 2859 2092 2957 gloria
2123 2857 2590 2944 invincibilis,
2621 2859 2878 2932 fraude
2921 2859 3200 2935 nefaria
3242 2884 3364 2935 ex-

547 2976 878 3049 stinctus.
978 2971 1337 3048 Auctores
1370 2978 1475 3050 sic
1520 2977 1976 3050 tradiderunt
2008 2973 2346 3049 Vincent.
2396 2975 2953 3063 Bellovacensis,
2987 2979 3358 3053 Antonius

550 3092 1125 3186 archiepiscopus
1192 3092 1685 3179 Florentinus,
1752 3092 1803 3164 J
1806 3115 2073 3166 oannes
2156 3092 2636 3191 capgravius,
2711 3107 2786 3169 et
2851 3096 3216 3169 Fabianus
3283 3097 3363 3167 in

552 3206 953 3282 Chronicis.
1028 3207 1258 3282 Errat
1290 3208 1573 3304 Gaspar
1604 3208 2005 3282 Bruschius
2038 3210 2165 3282 lib.
2207 3227 2299 3281 11.
2333 3211 2425 3282 de
2449 3208 3034 3307 Archiepiscopis
3077 3213 3364 3286 Patavi-

551 3325 689 3409 nis,
752 3326 881 3418 qui
954 3326 1049 3400 ad
1119 3325 1629 3399 Stokeronium
1698 3336 1904 3399 sexto
1966 3347 2189 3419 supra
2249 3325 2610 3400 Viennam
2668 3329 2964 3400 milliari
3027 3338 3358 3402 necatum

551 3442 841 3534 prodit;
894 3442 997 3514 ibi
1045 3443 1241 3515 enim
1290 3466 1439 3516 non
1488 3444 1864 3516 Fothadus
1908 3444 2028 3515 hic
2072 3453 2343 3529 noster,
2386 3445 2515 3517 sed
2559 3443 2868 3518 Sanctus
2919 3443 3360 3519 colmannus

552 3567 991 3650 peremptus,
1023 3573 1111 3631 ut
1142 3560 1475 3652 superius
1508 3559 1647 3632 hoc
1676 3581 1892 3653 opere
1923 3569 2320 3633 ostensum.
2422 3559 2712 3656 Scripta
2742 3562 2986 3635 omnia
3015 3563 3360 3656 temporis

558 3673 829 3768 injuria
859 3675 1234 3766 perierunt
1262 3696 1285 3760 3
1338 3685 1540 3748 extat
1573 3686 1863 3749 tantum

858 3772 1009 3864 Pro
1039 3789 1404 3888 Conjugio
1436 3813 1662 3876 sacro,
1696 3795 2043 3866 adversus
2075 3791 2566 3880 Dunstanum‚
2747 3795 2874 3867 lib.
2913 3813 2964 3866 1.

658 3904 1001 3980 Florebat
1033 3929 1225 3980 anno
1260 3926 1829 3984 nccccnxxxn

1506 4141 2155 4216 FRIDERICUS.
2261 4140 2432 4215 546.

562 4371 1103 4459 ansaxcus,
1146 4375 1372 4471 vulgo
1418 4375 1499 4448 in
1536 4373 1943 4451 Germaniis
1994 4377 2254 4452 Scotus
2302 4381 2726 4474 appellatus,
2776 4403 3043 4480 magna
3089 4388 3408 4460 clarita·-

561 4486 730 4560 dine
764 4490 976 4574 vixit,
1024 4497 1097 4562 et
1142 4499 1293 4562 tam
1335 4490 1850 4584 philosophicis
1898 4519 2119 4588 quam
2168 4496 2720 4573 humanioribm
2751 4500 2982 4574 literis
3025 4505 3373 4589 eruditus,

563 4606 797 4678 multa
830 4607 1163 4701 scripsit:
1214 4630 1349 4703 ego
1382 4616 1672 4679 tantum
1706 4609 1858 4681 vidi

864 4721 977 4796 De
1012 4724 1308 4796 occultis
1345 4723 1623 4796 Rerum
1658 4723 1915 4800 Causis
2284 4731 2411 4804 lib.
2453 4751 2578 4806 111.
2617 4734 3039 4809 admirabile
3071 4759 3254 4831 opus
3287 4761 3378 4810 ex

961 4838 1381 4926 Aristotele,
1418 4839 1681 4928 Plinio,
1717 4851 1791 4916 et
1821 4841 2153 4932 Aeliano,
2186 4856 2277 4921 ut
2307 4850 2737 4946 plerumque
2766 4855 3162 4926 collectum.
