4384 5817
1049 466 1178 532 136
1819 469 2285 540 HISTORIA
2332 468 3077 540 ECCLESIASTICA
3158 570 3163 578 Ι

1057 655 1374 750 insignia
1405 668 1868 731 monumenta
1900 669 1975 730 et
2005 661 2351 752 reliquiae
2381 659 2459 730 in
2503 660 2793 730 ecclesia
2834 658 3299 730 Dunelmensi
3344 659 3834 730 asservabant·

1055 791 1165 851 ur,
1223 794 1367 864 quo
1422 795 1509 844 ex
1563 775 1800 844 insula
1842 773 2419 844 Lindisfarorum
2468 795 2749 846 sacrum
2796 773 3024 868 ipsius
3064 795 3321 866 corpus
3377 775 3829 847 translatum.

1055 885 1244 958 Acta
1277 889 1472 960 illius
1507 891 1856 960 ecclesiae.
1962 889 2267 980 Scripsit
2364 931 2380 944 ·

1350 1001 1912 1076 Exhortationes
1946 1005 2037 1075 ad
2071 1003 2365 1075 Fratres
2828 1004 2953 1073 lib.
2990 1021 3043 1072 1.

1346 1116 1700 1212 Regulam
1735 1118 2213 1192 Monasticam
2824 1119 2948 1188 lib.
2986 1135 3040 1188 1.
3098 1113 3206 1188 Et
3264 1120 3407 1189 alia
3456 1141 3642 1210 quae
3700 1141 3833 1212 ego

1447 1251 1592 1300 non
1627 1231 1799 1313 vidi,
1835 1253 1985 1312 nec,
2021 1240 2106 1302 ut
2137 1242 2337 1321 puto,
2366 1243 2639 1316 extant,
2674 1233 2929 1303 recitat
2964 1242 3207 1303 tamen
3239 1229 3570 1305 BalaeuS.

1152 1342 1493 1414 Florebat
1525 1367 1718 1417 anno
1749 1363 2164 1417 DCLxxln.
2268 1346 2523 1418 Sedere
2568 1347 2798 1438 coepit
2846 1344 3349 1418 Lindisfarnae
3382 1360 3829 1420 consecratus

1053 1461 1350 1530 antistes
1385 1481 1575 1530 anno
1610 1477 2046 1532 DOLXXXV.
2146 1461 2352 1533 Obiit
2383 1483 2573 1532 anno
2608 1477 3147 1533 DCLxxxvnl.
3201 1463 3338 1545 vel,
3388 1470 3473 1533 ut
3508 1461 3830 1558 Sigeber-

947 1648 956 1654 ,
1053 1583 1172 1644 tus
1207 1571 1734 1647 Gemblacensis
1770 1579 1951 1660 vult,
1984 1599 2174 1648 anno
2207 1593 2711 1666 Dchxxvn.
2804 1575 3103 1648 Sacrum
3128 1576 3285 1670 ejus
3318 1597 3597 1668 corpus,
3632 1589 3831 1649 metu

1050 1687 1471 1778 piratarmn,
1526 1713 1616 1761 ex
1671 1691 1909 1762 insula
1957 1693 2081 1763 illa
2140 1693 2255 1762 cui
2310 1689 2623 1782 praefuit
2666 1689 3026 1762 Eadulfus
3074 1691 3445 1783 episcopus
3514 1693 3829 1774 sustulit,

1051 1812 1123 1874 et
1157 1805 1526 1895 septennio
1560 1815 1714 1878 toto
1747 1816 2076 1902 vagatuS,
2099 1805 2441 1880 Dunelmi
2468 1807 2755 1878 tandem
2782 1807 3113 1900 deposuit
3138 1828 3327 1878 anno
3353 1823 3825 1879 DCCCLXXV.

1053 1915 1319 1990 Mattb.
1356 1919 1870 1993 westmonast.
1907 1922 1999 1993 ad
2031 1923 2237 1993 illum
2272 1917 2585 1992 annum.'

1902 2119 1976 2190 S.
2029 2116 2693 2192 CEOLFRIDUS.
2797 2123 2965 2191 235.

1049 2267 1122 2337 S.
1175 2267 1733 2355 CEOLFRmus,
1780 2272 2044 2342 illustri
2089 2273 2247 2342 loco
2290 2278 2527 2351 natue,
2579 2265 3101 2340 Glastoniensis
3150 2269 3231 2340 in
3276 2267 3550 2364 Anglia
3582 2268 3825 2352 abbana,

1048 2403 1138 2454 ex
1199 2407 1446 2456 eorum
1499 2408 1800 2458 numero
1853 2387 1980 2478 qui
2037 2385 2337 2456 Sanctos
2390 2380 2731 2454 Adanum
2779 2393 2851 2454 et
2894 2381 3311 2454 Finnanum
3355 2385 3431 2456 in
3480 2383 3826 2480 Angliam

1047 2501 1297 2582 secuti,
1330 2509 1695 2572 strenuam
1729 2522 2040 2592 operam,
2081 2499 2567 2571 Christianam
2602 2500 2945 2590 pietatem
2978 2507 3065 2570 ut
3096 2499 3197 2570 ibi
3230 2501 3665 2590 plantarent,
3702 2523 3825 2571 na-

1049 2624 1338 2697 varunt,
1388 2615 1676 2710 regibus
1727 2616 1956 2686 Scotis
2009 2615 2385 2685 Malduino
2435 2621 2509 2683 et
2549 2609 2883 2708 Eugenio
2916 2611 3011 2684 V.
3060 2610 3460 2699 familiaris,
3510 2614 3823 2709 Eugenii

1049 2729 1267 2800 etiam
1335 2741 1773 2823 praeceptor.
1875 2729 2319 2826 Reginaldus
2368 2727 2770 2798 cardinalis.
2875 2727 3061 2800 Cum
3118 2727 3409 2799 Nerano
3454 2729 3826 2801 Pictorum

1045 2863 1215 2938 rege.
1262 2844 1654 2915 amicitiam
1705 2846 1949 2930 coluit‚
2010 2854 2084 2916 et
2141 2845 2507 2916 consultus
2566 2842 2659 2913 ab
2712 2843 2957 2922 eodem
3006 2844 3239 2914 multa
3286 2845 3498 2915 utilia
3542 2845 3620 2914 in
3671 2845 3825 2938 ejus
3866 2900 3997 2970 ,ᾧ

1047 2959 1358 3054 gratiam
1391 2959 1472 3030 in
1505 2960 1772 3050 scripta
1803 2961 2075 3042 retulit,
2109 2968 2197 3030 ut
2229 2967 2569 3030 testatum
2605 2956 2907 3028 Arnold.
2944 2957 3191 3029 Uvion
3222 2958 3534 3051 reliquit.
3603 2958 3824 3031 Tanti

1046 3082 1291 3144 autem
1339 3077 1680 3145 momenti
1730 3076 1902 3147 haec
1950 3075 2150 3145 fuere
2198 3095 2434 3166 opera,
2484 3081 2569 3144 ut
2616 3071 2909 3166 Sergius
2970 3095 3155 3165 papa
3207 3093 3291 3142 ea
3334 3074 3471 3144 sibi
3520 3074 3826 3146 Romam

1045 3189 1240 3258 mitti
1273 3210 1320 3260 a
1351 3186 1423 3259 S.
1459 3187 1660 3260 Beda
1691 3191 2187 3282 postulaverit.
2220 3199 2307 3260 ut
2338 3189 2493 3280 ipse
2524 3187 2766 3279 prodit
2797 3188 2932 3258 sub
2975 3209 3241 3259 annum
3291 3204 3597 3258 Dccvn.
3708 3189 3829 3259 Vi-

1047 3311 1200 3373 tam
1231 3305 1386 3397 eJus
1439 3306 1724 3396 scripsit
1763 3303 2229 3375 Wichbertus
2278 3301 2541 3374 Deirus
2592 3303 2685 3372 ad
2730 3299 3160 3396 Gregorium
3208 3300 3308 3372 11.
3393 3301 3693 3374 Relatus
3744 3305 3825 3374 in

1045 3426 1328 3489 sanctos
1363 3419 1624 3490 colitur
1657 3421 1774 3490 die
1807 3435 2010 3490 XXV.
2059 3417 2457 3511 Septembr.
2522 3414 2839 3488 Usuard.
2885 3415 3261 3489 Addition.
3332 3413 3521 3511 Ejus
3566 3417 3829 3490 haben·

1049 3541 1212 3602 turt

1341 3647 1715 3742 Epistolae
1760 3651 1854 3722 ad
1897 3647 1972 3718 Ν
1973 3669 2271 3721 eranum
2310 3669 2438 3718 seu
2480 3644 2903 3728 Naitanum,
2950 3659 3081 3720 aut
3124 3645 3198 3717 N
3199 3654 3553 3732 eetanum‚
3591 3645 3829 3718 Picto-

1439 3785 1600 3836 rum
1629 3765 1928 3861 Regem,
3110 3761 3234 3833 lib.
3274 3779 3327 3832 1.
3378 3783 3506 3833 seu
3538 3759 3830 3854 Episto-

1542 3881 1636 3962 la,
1671 3892 1758 3949 ut
1790 3879 2096 3951 habetur
2127 3877 2321 3970 apud
2352 3876 2625 3948 Bedam
2675 3875 2798 3948 lib.
2834 3890 2910 3945 V.
2946 3897 3097 3969 cap.
3134 3892 3349 3946 xxn.

1340 3991 1453 4064 De
1487 3989 1978 4064 celebratione
2011 3993 2327 4064 Paschae
2586 4009 2593 4018 ·
3115 3989 3241 4062 lib.
3281 4008 3333 4060 1.

1344 4105 1458 4178 De
1493 4106 1828 4179 Tonsura
1860 4106 2299 4178 Clericorum
3121 4104 3245 4175 lib.
3283 4122 3336 4175 1.

1343 4219 1836 4294 Homiliarum'
1865 4223 2291 4293 solemnium
2490 4265 2499 4274 -
3118 4220 3243 4292 lib.
3282 4239 3333 4290 1.

1343 4333 1890 4408 Testamentum
1922 4338 2016 4407 ad
2049 4335 2537 4410 Humbertum
3116 4335 3243 4406 lib.
3280 4353 3331 4406 1.

1343 4447 1716 4541 Epistolae
1751 4452 1841 4522 ad
1876 4450 2267 4523 Monachos
2968 4443 2976 4448 ’
3118 4451 3243 4523 lib.
3282 4469 3333 4522 1.

1342 4564 1456 4636 De
1485 4563 1920 4655 baptizando
1953 4565 2342 4637 secundum
2380 4564 2639 4638 Ritum
2674 4564 3086 4638 Romanum
3120 4567 3243 4640 lib.
3282 4585 3335 4638 1.

1141 4679 1511 4753 Scribebat
1569 4701 1758 4754 anno
1793 4698 2134 4753 nexem.
2189 4681 2392 4752 Obiit
2444 4681 2521 4751 in
2571 4681 2825 4753 itinere
2876 4679 3206 4756 Romano
3256 4681 3705 4777 Lingonibus
3750 4682 3831 4751 in
