4384 5817
1164 570 1296 634 210
1935 565 2403 636 HISTORIA
2446 565 3193 638 ECCLESIASTICA

2253 871 2599 946 DAVID.
2698 879 2867 948 883.

1171 1117 1214 1148 “
1247 1106 1530 1178 DAvm
1562 1107 1956 1199 presbyter,
1989 1106 2281 1178 natione
2314 1104 2633 1190 Scotus,”
2656 1108 2762 1179 ait
2784 1106 3119 1190 Baiaeus,
3158 1114 3205 1148 “
3228 1106 3690 1200 antiquorum
3720 1106 3945 1200 philo-

1161 1224 1548 1316 sophorum
1581 1225 1906 1314 exemplo
1937 1223 2259 1305 ductus?
2309 1222 2601 1314 reliquit
2644 1231 2913 1294 terram
2954 1223 3286 1315 patriam,
3336 1231 3411 1294 et
3452 1243 3693 1294 amore
3734 1224 3943 1318 bona-

1159 1361 1322 1409 rum
1357 1339 1898 1429 disciplinarum
1937 1338 2365 1432 longinquas
2410 1338 2737 1431 regiones
2782 1337 2983 1420 adiit,
3032 1339 3113 1408 in
3162 1337 3601 1429 superiorem
3652 1336 3942 1410 Germa-

1158 1457 1376 1536 niam,
1409 1464 1575 1546 post
1604 1456 1822 1548 longa
1853 1462 1926 1524 et
1959 1452 2315 1524 laboriosa
2344 1453 2608 1536 studia,
2644 1453 3085 1544 exspatiatus
3120 1461 3251 1536 est,
3277 1453 3369 1524 ad
3393 1451 3941 1548 wirceburgen-

1139 1590 1308 1639 sem
1341 1568 1655 1638 scholam
1687 1569 1993 1662 insignis
2025 1567 2473 1658 paedotribes
2506 1569 2861 1638 admissus
2892 1574 3024 1638 est.
3094 1567 3211 1639 Eo
3236 1577 3557 1660 tempore
3584 1568 3939 1640 Henricus

1155 1682 1249 1755 V.
1301 1683 1690 1774 imperator
1737 1685 1816 1752 in
1867 1683 2156 1754 Italiam
2206 1681 2419 1753 rebus
2468 1683 2761 1776 agendis
2814 1682 3287 1774 proficiscens,
3338 1684 3460 1754 sed
3510 1704 3658 1754 non
3710 1685 3937 1754 solum

1157 1799 1452 1868 armatis
1493 1796 1868 1879 militibus,
1919 1797 2044 1866 sed
2089 1806 2162 1865 et
2203 1795 2456 1887 peritis
2500 1818 2785 1889 quoque
2830 1797 3009 1868 viris
3052 1820 3137 1869 ac
3178 1799 3485 1868 literatis
3530 1797 3937 1869 hominibus

1151 1913 1489 1997 munivit,
1533 1921 1620 1984 ut
1664 1935 1794 2004 per
1834 1915 2028 2004 ipsos
2073 1913 2332 2004 cuique
2376 1913 2719 2003 poscenti,
2767 1913 2847 1983 in
2896 1913 3092 1984 omni
3142 1913 3541 1984 eruditione
3590 1911 3937 1982 rationem

1150 2030 1498 2100 redderet.
1602 2028 1804 2099 Inter
1835 2049 1954 2099 eos
1987 2025 2345 2098 Davidem
2376 2025 2569 2096 hunc
2602 2025 2895 2097 Scotum
2927 2049 2974 2096 a
3004 2029 3279 2098 sacellis
3303 2026 3579 2109 habuit,
3613 2027 3935 2098 doctrina

1149 2165 1230 2213 ac
1265 2165 1548 2215 morum
1581 2142 1938 2235 probitate
1970 2151 2455 2232 praestantem
2504 2141 2766 2225 virum,
2818 2151 2861 2184 ‘⁶
2894 2141 3021 2233 qui
3058 2143 3309 2236 jussus
3355 2140 3449 2212 ab
3479 2142 3625 2224 illo,
3670 2150 3757 2212 ut
3800 2139 3935 2212 Ur-

1149 2260 1552 2353 spergensis
1602 2268 1854 2330 auctor
1901 2265 2032 2340 est,
2083 2255 2363 2327 itineris
2414 2255 2571 2349 ejus
2630 2279 2944 2341 cursum,
2998 2278 3242 2328 rerum
3298 2256 3380 2326 in
3430 2278 3516 2326 eo
3571 2265 3933 2349 gestarum

1146 2374 1466 2444 ordinem
1500 2372 1690 2453 facili
1725 2375 1937 2465 stylo,
1972 2393 2156 2464 quae
2188 2370 2281 2441 ab
2314 2371 2645 2444 omnibus
2680 2373 3233 2468 intelligeretur,
3268 2371 3631 2465 digessit.”
3705 2367 3931 2443 Addit

1145 2487 1227 2558 M
1233 2489 1828 2571 almesburiensis,
1883 2495 1927 2529 ‘⁶
1959 2488 2037 2556 in
2070 2487 2382 2582 gratiam
2422 2487 2767 2579 principis
2810 2487 3200 2579 proclivior
3246 2507 3467 2578 quam
3512 2485 3933 2558 historicum

1145 2602 1500 2674 decebat.”
1600 2601 1904 2694 Scripsit

1440 2718 1592 2789 Iter
1625 2716 2088 2808 Imperatoris
2123 2715 2431 2788 Romam
3036 2717 3161 2790 lib.
3200 2736 3255 2788 1.
3289 2715 3717 2788 Guilielmus
3750 2714 3931 2786 Mal·

1537 2833 2041 2904 mesburiensis
2071 2833 2589 2927 panegyricum
2620 2831 2817 2906 haud
2846 2841 3037 2906 recte
3070 2839 3279 2904 vocat
3309 2832 3435 2903 lib.
3472 2848 3583 2901 lv.

1437 2945 1942 3038 Expeditionis
1975 2945 2247 3016 Seriem
3038 2948 3164 3018 lib.
3202 2964 3327 3018 111.
3382 2945 3687 3018 Indubie
3719 2943 3925 3028 idem,

1532 3064 1700 3133 licet
1731 3064 1874 3133 alio
1908 3063 2151 3144 titulo,
2184 3082 2389 3151 opus.

1432 3176 2000 3272 Magistratuum
2039 3176 2369 3271 Insignia
3020 3177 3147 3248 lib.
3185 3195 3239 3247 1.

1428 3291 1866 3387 Apologiam
1899 3293 1992 3363 ad
2024 3290 2402 3363 Caesarem
3018 3292 3141 3363 lib.
3180 3311 3235 3363 1.

1430 3408 1543 3480 De
1578 3407 1833 3502 Regno
1868 3407 2246 3478 Scotorum
3025 3407 3149 3478 lib.
3190 3423 3240 3476 1.

1235 3523 1514 3596 Claruit
1547 3522 1682 3594 sub
1713 3521 2129 3594 Alexandro
2164 3521 2225 3592 Ι.
2260 3543 2429 3616 rege
2461 3521 2761 3606 Scotiae,
2795 3543 2986 3593 anno
3018 3523 3233 3594 salut.
3270 3537 3543 3593 ucxx.

2037 3753 2113 3824 S.
2164 3751 2737 3826 DAMIANUS.
2840 3755 3006 3824 384.

1131 3988 1206 4059 S.
1241 3987 1724 4072 Damasus,
1763 3989 1838 4058 in
1873 3987 2109 4078 patria
2141 3987 2491 4058 incertum
2528 4007 2677 4078 qua
2704 3985 2871 4076 sede
2902 3984 3295 4076 episcopuS,
3346 3989 3395 4024 “
3426 3983 3730 4053 eximiae
3774 3983 3921 4074 pie-

1131 4105 1324 4188 tatis,
1373 4115 1447 4174 et
1487 4103 1999 4174 sanctimoniae
2031 4103 2398 4172 illustris.”
2451 4099 2662 4172 Hect.
2700 4099 3055 4171 Boethius
3090 4100 3213 4170 lib.
3253 4115 3368 4169 lx.
3406 4095 3689 4170 Hister.
3727 4097 3916 4169 Scot-

1127 4243 1293 4315 pag.
1362 4238 1706 4291 eLxxv1.
1831 4217 2110 4289 Eodem
2181 4227 2499 4308 tempore
2572 4213 2785 4286 fidem
2853 4213 3339 4284 Christianam
3404 4213 3619 4284 rudes
3688 4211 3920 4287 adhuc

1125 4338 1429 4428 populos
1479 4345 1766 4405 strenue
1820 4333 2134 4414 docebat,
2186 4354 2351 4401 cum
2403 4339 2805 4402 monstrum
2858 4327 3143 4400 Orienti
3194 4327 3411 4398 fatale
3461 4326 3941 4398 Mahometus-

1128 4449 1330 4531 obiit,
1375 4467 1527 4520 XII.
1577 4450 1843 4519 scilicet
1883 4446 2288 4518 Donevaldi
2331 4446 2523 4540 regis
2566 4467 2777 4527 anno,
2828 4445 3214 4534 eademque
3259 4450 3683 4534 tempestate
3730 4441 3916 4511 Con·

1130 4586 1382 4647 mnne,
1445 4562 1954 4642 columbanus,
2016 4559 2483 4644 Chroniacus‚
2549 4560 2877 4642 Dimaus,
2944 4569 3016 4630 et
3078 4557 3467 4652 Bigitanus
3534 4556 3913 4648 episcopali

1127 4703 1412 4775 quoque
1446 4680 1716 4750 honore
1747 4701 1830 4748 ac
1862 4677 2241 4748 sanctitate
2276 4677 2704 4748 eminebant.
2807 4673 3111 4766 Scripsit

1422 4794 1510 4866 In
1546 4793 1842 4890 Cantica
1877 4792 2339 4865 canticorum
3003 4789 3127 4859 lib.
3167 4807 3217 4858 1.
