4384 5817
1957 474 2070 565 vii

622 714 862 777 orum
925 683 1330 798 catalogo,
1389 682 1614 776 Hist.
1671 684 2147 781 Ecclesiast.
2198 717 2279 801 Ρ.
2336 689 2527 789 679.
2581 688 2787 783 haec
2835 689 3143 783 habeta
3206 704 3249 744 “
3286 692 3393 783 In

621 814 1186 905 Claudianum
1233 814 1510 907 Notae
1560 813 1702 905 lib.
1747 844 1802 904 1.
1916 814 2280 909 Flexiae.
2398 818 2505 911 In
2544 818 3109 913 Claudianum
3146 822 3395 912 Com·

619 944 1084 1033 mentarius
1143 940 1288 1034 lib.
1355 972 1414 1031 1.
1528 942 1955 1055 Lugduni,
2021 959 2110 1035 et
2169 946 2443 1035 alibi.’'
2585 948 3098 1039 Prodierunt
3162 962 3207 1001 ‘⁴
3266 950 3392 1038 Cl.

618 1074 1066 1161 Claudiani
1101 1101 1322 1186 quae
1357 1084 1678 1172 extant,
1727 1102 1924 1163 cum
1974 1075 2199 1165 notis
2249 1076 2627 1167 Thomae
2672 1077 3155 1189 Dempsteri
3206 1081 3395 1169 Seo-

619 1204 762 1303 ti‚”
827 1202 1190 1307 Flexiae,
1263 1204 1788 1303 1607‚16to.
1899 1203 2621 1297 commentarium
2686 1234 3129 1319 nunquam
3189 1209 3389 1309 ridi,

617 1360 894 1445 neque
949 1332 1274 1419 viderat
1324 1331 1628 1420 Petrus
1679 1332 2223 1425 Burmannus
2268 1335 2723 1426 Secundus.
2838 1336 3003 1425 Sed
3051 1336 3159 1425 de
3206 1340 3393 1447 ejus

617 1461 1302 1551 annotationibus
1341 1460 1462 1549 ita
1495 1474 1781 1551 censet
1817 1462 2116 1549 doetus
2145 1462 2301 1553 ille
2341 1462 2627 1575 Belga,
2676 1464 2947 1555 Praef.
3000 1464 3095 1553 in
3145 1462 3395 1556 clau-

615 1592 966 1681 dianum
1021 1620 1100 1704 p.
1137 1590 1254 1679 xi.
1365 1602 1412 1644 ‘⁴
1447 1588 1560 1679 In
1614 1588 1784 1679 illis
1839 1604 2086 1692 certe,
2130 1604 2235 1682 ut
2282 1604 2373 1682 et
2422 1592 2611 1685 aliis
2664 1593 3089 1685 Demeteri
3140 1594 3395 1707 scrip-

617 1720 747 1819 tis,
781 1716 1348 1868 multiplicem
1379 1718 1764 1809 lectionis
1802 1720 2182 1813 eruditae
2220 1723 2543 1835 copiam
2580 1723 2849 1833 magis
2885 1750 3143 1834 quam
3172 1724 3395 1836 diju-

611 1848 942 1939 dieandi
1009 1849 1184 1939 vim
1239 1861 1332 1937 et
1389 1847 1678 1937 limam
1743 1848 2254 1939 laudandam
2320 1880 2497 1943 esse
2553 1851 3101 1962 agnoscimus,
3162 1852 3395 1943 unde

601 1979 1230 2067 Demsterum
1205 2008 1300 2067 m
1358 1977 1506 2064 illa
1561 1978 1892 2090 eopiosa
1942 1978 2311 2071 lectione
2366 1981 2801 2072 hominem
2844 1979 3149 2093 judicii
3207 2009 3395 2093 per-

607 2106 898 2221 pusilli
935 2108 1194 2197 fuisse
1223 2108 1556 2220 judicat
1591 2107 2183 2195 Broukhusius
2220 2110 2331 2195 ad
2369 2106 2687 2197 Tibull.
2724 2106 2927 2197 lib.
2904 2138 2959 2199 ι.
3002 2106 3106 2198 el.
3148 2116 3225 2199 7.
3258 2118 3389 2195 53.

607 2266 866 2349 quem
903 2248 1188 2323 tamen
1223 2236 1654 2323 defectum
1691 2264 1936 2348 saepe
1973 2248 2455 2349 conpensat,
2489 2237 2985 2349 praesertim
3018 2236 3115 2324 in
3144 2238 3395 2323 Anti-

605 2366 1034 2476 quitatum
1073 2362 1732 2475 paralipomenis
1767 2376 1860 2455 et
1897 2365 1988 2449 in
2028 2366 2379 2453 Etruria
2416 2364 2743 2477 Regali,
2802 2366 3391 2459 emendatione

607 2505 760 2581 aut
791 2492 1388 2581 inlustratione
1419 2504 1868 2584 auctorum
1919 2506 2327 2596 veterum,
2380 2520 2747 2606 quorum
2799 2492 2985 2584 loca
3030 2494 3167 2585 vel
3214 2524 3392 2581 eor-

605 2636 860 2736 rupta
950 2622 1758 2713 eireumfenehantur
1835 2633 1996 2712 aut
2088 2650 2526 2737 perperam
2622 2621 3389 2734 intelligebantur?

603 2753 950 2839 Poetam
1005 2750 1296 2852 alium,
1361 2751 1612 2863 longe
1645 2753 2259 2853 obsmriorem,
2324 2751 2741 2843 enarravit
2809 2752 3387 2865 Dempsterus.

605 2896 650 2938 ‘⁶
680 2882 1029 2994 Corippi
1065 2881 1454 2985 Afrienni·
1493 2880 2038 2971 Grammatici
2086 2881 2195 2968 de
2242 2880 2677 2971 Laudibus
2726 2879 3051 2973 Justini
3102 2880 3387 2976 Mino-

603 3012 720 3095 ris
763 3010 1130 3122 Augusti
1169 3008 1370 3100 libri
1419 3020 1830 3120 quatuorz
1889 3010 2261 3101 Thomas
2296 3010 2853 3122 Dempsterus
2902 3038 2958 3097 a
3006 3008 3384 3112 Muresk,

601 3140 656 3223 J
659 3182 684 3223 .-
715 3138 810 3223 C.
849 3138 1288 3239 recensuit,
1337 3136 1678 3228 lacunas
1727 3138 2172 3251 supplevit,
2220 3138 2551 3231 mendis
2590 3138 3109 3251 expurgavit,
3162 3168 3385 3227 com-

600 3268 1108 3359 mentarium
1141 3267 1472 3380 adjecit,
1495 3296 1684 3379 quo
1719 3266 2070 3355 historia
2107 3279 2195 3353 et
2216 3268 2679 3379 antiquarii
2712 3268 2927 3359 ritus
2956 3266 3385 3357 elucidan-

601 3412 764 3496 tur,
829 3396 1208 3509 variiqtre
1271 3396 1714 3509 scriptores
1779 3396 2330 3509 explicantur,
2394 3398 3039 3493 restituuntur.”
3154 3398 3383 3484 Pari-

599 3528 762 3626 siiS,
803 3526 1042 3625 1-610,
1081 3533 1264 3611 8vo.
1375 3536 1420 3577 ‘⁶
1455 3525 1694 3611 Bene
1732 3526 1841 3611 de
1875 3526 2245 3639 Corippo
2278 3526 2683 3615 meritum
2710 3526 3375 3617 eruditissimum

597 3656 871 3741 virum
931 3654 1346 3743 Thomam
1403 3652 1968 3755 Demsterum,
2029 3654 2271 3741 nulla
2324 3675 2553 3743 aetas
2612 3656 3029 3765 negabit,”
3096 3655 3380 3766 inquit

598 3782 1022 3883 Barthius,
1057 3782 1750 3871 Adversariorum
1787 3782 1928 3867 lib.
1967 3784 2137 3871 xxi.
2171 3812 2351 3897 cap.
2388 3783 2563 3871 xiii.
2602 3812 2683 3895 p.
2722 3786 2961 3871 1046.
3078 3784 3244 3871 Sed
3268 3786 3378 3871 de

595 3916 776 4027 ipso
837 3925 1112 4026 poeta,
1172 3912 1328 4023 qui
1387 3912 1606 3999 vixit
1668 3923 2046 4025 tempore
2095 3912 2423 4001 Justini
2478 3914 2851 4015 minoris,
2900 3925 3141 4007 sexto
3196 3919 3379 4027 jam

595 4054 977 4131 vertente
1017 4040 1345 4161 soeulo,
1409 4041 1774 4129 videnda
1841 4052 1996 4129 est·
2049 4040 2489 4154 Polycarpi
2568 4042 2911 4154 Leyseri
2993 4043 3375 4138 Historia

597 4174 1048 4259 Poetarum
1113 4170 1384 4259 Medii
1447 4169 1680 4269 Aevi,
1735 4200 1816 4282 p.
1882 4179 2066 4261 172.
2179 4169 2536 4261 Barthio
2602 4184 2731 4265 est
2787 4170 3145 4263 ultimus
3202 4174 3378 4262 fere

591 4314 1056 4416 poetarum,
1082 4298 1410 4389 scilieet
1446 4310 1886 4411 poetarum
1923 4311 2303 4388 veterum
2342 4300 2864 4399 Latinorum.

705 4432 840 4517 De
866 4429 1328 4543 philologia
1349 4441 1442 4515 et
1467 4429 1816 4515 historia
1841 4458 2034 4519 eum
2055 4430 2731 4543 jurisprudentia
2756 4432 3369 4542 coniungenda,

591 4560 844 4647 multi
885 4562 1136 4647 verba
1169 4560 1464 4647 fecere.
1579 4560 2070 4647 Orationem
2107 4558 2217 4646 de
2254 4558 2693 4648 literarum
2728 4560 3039 4659 studio,
3076 4559 3167 4645 in
3204 4561 3375 4672 pri-

591 4691 754 4776 mis
801 4692 1338 4791 Graecarum,
1374 4714 1566 4775 eum
1599 4687 2275 4801 jurisprudentia·
2306 4690 2922 4805 conjungendo,
2961 4689 3370 4787 tredecim
