4384 5817
1085 564 1214 628 138
1851 565 2323 636 HISTORIA
2368 565 3117 637 ECCLESIASTICA

1087 775 1306 846 quam
1338 753 1480 825 Dei
1523 756 1866 826 honorem
1911 755 2437 842 ambientibus;
2496 757 2761 850 quibus
2814 757 2917 828 sic
2968 758 3181 828 anxie
3232 759 3747 848 laborantibus,
3798 773 3873 836 et

1087 871 1290 940 vario
1315 872 1717 943 animorum
1742 880 1945 943 motu
1978 872 2363 955 distractis,
2388 873 2804 964 supervenit
2836 871 2911 944 S.
2950 873 3367 956 Malachiae,
3402 883 3477 947 et
3505 879 3611 948 rel
3646 880 3870 951 totius

1085 986 1386 1056 arbitrio
1409 987 1500 1056 ad
1527 1009 1602 1057 se
1627 989 1860 1058 delato
1895 1009 1940 1057 a
1973 989 2587 1071 contendentibus,
2624 987 2989 1071 Carolum,
3025 991 3209 1060 lecto
3243 1011 3335 1060 ex
3356 993 3567 1085 gravi
3594 995 3867 1068 valetu-

1085 1103 1251 1170 dine
1284 1102 1841 1185 decumbentem,
1877 1103 2158 1172 vacanti
2208 1101 2537 1173 ecclesiae
2578 1103 2941 1196 praefecit,
2984 1104 3111 1196 qui
3152 1105 3273 1195 pie
3314 1105 3491 1178 adeo
3532 1115 3608 1178 et
3646 1110 3869 1181 conti-

1083 1223 1338 1286 nenter
1369 1237 1446 1286 se
1478 1217 1724 1310 gessit,
1763 1224 1849 1287 ιιι
1881 1215 2008 1287 SS.
2045 1219 2369 1312 catalogo
2403 1216 2709 1288 adscribi
2742 1217 2964 1290 fuerit
2996 1219 3320 1292 meritus.
3423 1219 3723 1314 Scripsit

1381 1330 1673 1402 Statuta
1705 1333 1798 1402 ad
1829 1331 2225 1403 Ecclesiam
2261 1352 2466 1402 suam
3058 1333 3181 1404 lib.
3221 1353 3273 1404 1.

1379 1447 1612 1538 Super
1643 1445 2069 1519 Sanctorum
2103 1446 2475 1518 Mil-aculis
2588 1459 2597 1468 ’
3060 1446 3185 1518 lib.
3224 1467 3277 1520 1.

1381 1563 1750 1654 Epistolas
1782 1563 1875 1633 ad
1907 1562 2359 1634 Ber-nardum
2394 1569 2467 1632 et
2499 1561 2935 1634 Malachiam
3056 1563 3183 1634 lib.
3222 1583 3275 1636 1.

1376 1675 1682 1750 Decreta
1715 1679 2150 1772 Theologica
3064 1680 3189 1750 lib.
3226 1697 3279 1750 1.

1182 1795 1464 1867 claruit
1495 1817 1610 1865 an.
1662 1811 1805 1864 Mc.
1903 1793 1978 1864 S.
2013 1791 2281 1864 Davidi
2314 1791 2593 1863 Scotiae
2625 1794 2781 1888 regi
2811 1793 3049 1865 fuerat
3082 1817 3125 1866 a
3158 1795 3377 1866 sacris
3408 1795 3869 1868 confessioni-

1080 1911 1238 1996 bus,
1275 1920 1358 1982 ut
1399 1913 1480 1982 in
1523 1912 1679 2006 ejus
1727 1911 1882 1982 vita
1924 1911 2351 1980 continetur.
2454 1906 2655 1978 Sedit
2700 1909 2909 1980 annis
2956 1927 3143 1980 1111.
3196 1932 3341 2003 quo
3388 1933 3579 1983 anno
3628 1920 3869 1983 tamen

1081 2027 1360 2110 obierit,
1391 2049 1535 2098 non
1569 2026 2024 2119 deprehendi,
2057 2047 2188 2096 nee
2220 2046 2365 2115 quo
2398 2023 2513 2094 die
2546 2027 2843 2096 colatur.
2948 2025 3290 2098 Meminit
3326 2025 3589 2098 Petrus
3624 2027 3707 2098 in
3729 2025 3867 2098 Ca-

1078 2148 1317 2240 talogo
1347 2144 1472 2215 lib.
1508 2162 1590 2215 x.
1625 2165 1778 2236 cap.
1815 2156 2086 2212 xxvn.

1977 2371 2052 2443 S.
2105 2369 2615 2444 CATHANU
2616 2371 2689 2444 S.
2793 2377 2958 2452 237.

1075 2607 1150 2677 S.
1187 2606 1667 2691 CATHANUS,
1703 2607 2074 2701 episcopus
2109 2605 2189 2674 in
2216 2601 2591 2686 Hibernia,
2616 2605 2927 2695 patriam
2946 2625 3151 2674 suam
3178 2603 3515 2686 desemit,
3538 2612 3623 2676 ut
3650 2611 3697 2644 “
3714 2613 3867 2674 stu-

1077 2723 1349 2794 diosius
1381 2725 1813 2795 monasticae
1845 2721 2074 2814 quieti
2107 2727 2415 2802 vacaret,
2449 2727 2523 2790 et
2554 2728 2911 2830 sejotum
2956 2719 3539 2812 contemplationi
3588 2721 3866 2812 impen-

1077 2838 1340 2922 deret‚”
1391 2840 1496 2908 ait
1546 2836 1900 2932 Georgius
1959 2836 2339 2906 Neutonus
2387 2827 2923 2904 archidiaconus
2968 2833 3527 2908 Dumblanensis
3573 2836 3661 2904 in
3710 2834 3889 2904 vita·

1077 2951 1150 3022 S.
1197 2952 1435 3023 Blani.
1539 2952 1795 3045 Itaque
1847 2953 1927 3022 in
1977 2951 2287 3023 insulam
2338 2948 2632 3032 Butam,
2678 2971 2861 3041 quae
2910 2947 3307 3021 Hebudum
3352 2971 3503 3020 una
3542 2951 3860 3022 occiden-

1078 3071 1296 3140 talem
1329 3067 1608 3140 Scotiae
1639 3078 1916 3162 partem
1951 3069 2243 3151 claudit,
2281 3073 2487 3136 vetus
2522 3065 2760 3159 regiae
2792 3064 3107 3136 familiae
3140 3063 3475 3138 Stuartae
3518 3066 3861 3158 patrimo·

1077 3185 1304 3267 nium,
1339 3205 1502 3256 cum
1535 3207 1776 3256 sorore
1810 3183 2050 3256 Ertha
2079 3182 2475 3262 descendit3
2513 3201 2603 3250 ex
2635 3201 2778 3270 qua
2811 3200 3052 3250 sorore
3084 3201 3213 3272 per
3244 3181 3397 3250 vim
3428 3203 3475 3252 a
3506 3181 3861 3251 venustis-

1075 3302 1258 3372 simo
1289 3303 1729 3372 adolescente
1761 3320 2165 3390 compressa
2196 3305 2409 3368 natus
2444 3293 2518 3364 S.
2556 3293 2851 3378 Blanus,
2886 3303 2970 3365 ut
3003 3296 3081 3365 in
3112 3296 3269 3389 eJus
3304 3295 3459 3367 vita
3504 3295 3857 3388 superiori

1073 3414 1258 3486 libro
1283 3418 1596 3488 dictum:
1628 3418 1754 3486 sed
1779 3415 2170 3494 CathanuS,
2195 3415 2449 3504 plenus
2474 3410 2821 3480 bonorum
2850 3431 3147 3500 operum
3172 3419 3245 3481 et
3268 3412 3547 3482 dienim
3570 3412 3649 3482 in
3674 3410 3859 3482 bona

1073 3540 1458 3615 senectute,
1493 3531 1570 3601 in
1607 3531 1804 3602 Buta
1835 3527 2294 3610 obdormivit,
2326 3527 2517 3599 unde
2548 3529 2705 3598 loco
2736 3524 3125 3597 Kilcathan
3154 3549 3441 3600 nomen.
3534 3525 3858 3617 Scripsit,

1074 3648 1247 3717 dum
1281 3646 1462 3717 inibi
1497 3655 1760 3742 ageret,

1371 3764 1878 3834 Meditationes
2850 3755 2975 3826 lib.
3014 3775 3067 3826 1.

1367 3878 1862 3950 confessiones
1895 3884 2203 3947 secretas
2844 3871 2969 3942 lib.
3010 3890 3061 3943 1.

1362 3992 1475 4064 De
1509 3994 1660 4064 suis
1691 3990 2289 4083 Apparitionibus
2847 3987 2971 4057 lib.
3012 4004 3063 4056 1.
3130 4023 3137 4030 ·

1171 4109 1509 4181 Florebat
1539 4109 1616 4178 in
1651 4105 1891 4178 Scotia
1921 4129 2110 4178 anno
2144 4124 2395 4178 cDLx.
2430 4105 2719 4197 quando
2752 4103 3029 4174 venerit
3061 4124 3150 4173 ex
3186 4102 3560 4184 Hibernia,
3594 4109 3723 4172 aut
3778 4101 3857 4170 in

1069 4225 1382 4297 Domino
1413 4224 1946 4307 obdormiverit,
1979 4243 2126 4292 non
2158 4220 2613 4311 deprehendi.
2714 4217 2997 4290 Colitur
3028 4235 3239 4288 xv11.
3273 4217 3479 4288 Maii.

1975 4420 2050 4490 S.
2103 4415 2689 4489 CHILIANUS.
2792 4421 2959 4490 238.

1071 4571 1144 4644 S.
1181 4571 1676 4654 CHILIANUS,
1711 4571 2076 4641 orientalis
2109 4567 2457 4638 Franciae
2488 4569 2875 4658 apostolus,
2922 4577 2995 4636 et
3044 4563 3583 4657 Herbipolensis
3634 4561 3859 4634 antis-

1069 4699 1203 4773 tes,
1229 4711 1494 4782 magna
1515 4685 1922 4787 sanctitatis
1957 4684 2377 4756 claritudine
2410 4683 2619 4766 vixit,
2654 4691 2727 4753 et
2760 4703 2921 4754 cum
2954 4681 3169 4754 sociis
3201 4679 3553 4772 martyrio
3584 4675 3859 4750 confec-

1066 4816 1208 4879 tus.
1310 4804 1498 4878 Vide
1531 4801 1726 4875 infra
1756 4797 2136 4874 Kilianus.
