4384 5817
1176 559 1546 632 GENTIS
1593 559 2152 642 SOOTORUM,
2203 559 2385 626 LIB.
2432 560 2553 628 IV.
3142 565 3273 630 209

467 759 592 830 ti.”
678 756 880 827 Idem
907 751 956 822 J
957 775 1220 824 oannes
1249 751 1664 824 Gualterius
1690 753 1768 822 in
1792 751 2148 822 Chronico
2173 749 2719 822 chronicorum.
2807 750 3265 826 Huntindon.

469 873 593 944 lib.
627 890 750 943 111.
779 893 942 964 pag.
974 887 1191 940 cxcl.
1231 879 1276 911 ‘⁶
1295 869 1627 950 Quatuor
1651 867 1956 958 episcopi
1995 866 2371 936 Scotorum
2404 865 2670 950 Duina,
2706 866 3063 952 Aidanus,
3092 868 3270 940 Fin-

467 1010 725 1067 nanus,
771 984 1232 1068 Colmannus,
1285 986 1510 1054 mirae
1543 983 1942 1054 sanctitatis
1974 980 2271 1052 fuerunt
2304 989 2377 1051 et
2409 983 2951 1072 parsimoniae.”
3005 983 3261 1056 Arnol.

467 1099 714 1172 Uvion
746 1099 870 1170 lib.
911 1115 1000 1168 11.
1035 1095 1199 1192 Lig.
1235 1097 1454 1170 Vitae
1485 1119 1636 1189 cap.
1675 1115 1906 1168 XLVI.
1973 1095 2369 1186 Apostolus
2396 1095 2855 1184 Merciorum,
2888 1107 2965 1170 et
2986 1101 3265 1190 primus

466 1215 840 1306 episcopus
865 1213 1406 1284 Lichfeldensis.
1480 1213 1796 1284 Florent.
1823 1211 2107 1306 Wigor.
2136 1212 2527 1282 monachus
2554 1213 2645 1282 ad
2671 1235 2941 1284 annum
2969 1231 3261 1285 DcL111.

475 1338 520 1371 ‘⁶
553 1329 888 1400 Finnano
919 1330 1213 1399 comites
1249 1345 1358 1400 IV.
1393 1329 1710 1410 fuerunt,
1745 1325 1978 1408 Getta,
2013 1324 2251 1408 Adda,
2286 1325 2525 1409 Betta‚
2560 1343 2633 1398 et
2659 1326 2927 1412 Duina,
2966 1351 3147 1421 quos
3176 1353 3267 1400 ex

468 1429 708 1515 Scotia
740 1463 980 1514 secum
1016 1445 1459 1527 adduxeram
1507 1464 1636 1534 per
1667 1465 1786 1513 eos
1821 1441 2076 1510 Mercii
2119 1440 2333 1512 fidem
2381 1440 2657 1513 Christi
2702 1453 2773 1514 et
2822 1454 3267 1516 sacramenta

467 1557 1003 1649 perceperunt.”
1073 1556 1178 1628 Et
1211 1559 1302 1627 ad
1337 1579 1608 1628 annum
1643 1572 1888 1626 DCLV.
1926 1564 1971 1596 ‘⁸
2003 1553 2156 1626 Sub
2190 1553 2441 1625 Oswio
2472 1556 2755 1646 primus
2790 1557 2869 1626 in
2902 1539 3273 1648 provincia

395 1759 402 1764 ·
468 1670 904 1742 Mei-ciorum
957 1681 1031 1743 et
1079 1671 1702 1744 Lindisfarnorum
1755 1670 2024 1753 Duina,
2083 1671 2295 1763 cujus
2356 1691 2577 1760 supra
2630 1673 3111 1754 meminimus,
3164 1695 3267 1744 se-

467 1787 746 1858 cundus
779 1785 1156 1857 Cellachus
1186 1787 1277 1857 de
1309 1795 1524 1881 gente
1557 1785 1999 1859 Scotorum.'’
2075 1785 2493 1856 Matthaeus
2520 1785 3037 1858 westmonast.
3074 1810 3267 1859 anno

469 1917 748 1972 Dcnvl.
785 1910 831 1942 ⁶‘
857 1901 1186 1972 Primum
1218 1901 1474 1972 hahuit
1505 1903 1916 1993 episcopum
1949 1903 2028 1972 in
2059 1901 2435 1992 provincia
2467 1899 2936 1984 Mei-ciorum,
2982 1910 3056 1973 et
3088 1902 3271 1974 Lin-

467 2015 976 2100 disfarnorum,
1013 2025 1088 2088 et
1121 2018 1802 2088 mediterraneorum
1827 2015 2241 2112 Anglorum
2274 2015 2565 2086 nomine
2588 2015 2891 2087 Dinam:
2926 2015 3044 2086 hic
3068 2020 3261 2110 apud

469 2132 1026 2202 mediterraneos
1074 2130 1354 2226 Anglos
1400 2132 1780 2204 defunctus
1826 2155 1909 2204 ac
1953 2135 2277 2225 sepultus
2328 2139 2481 2216 aet3
2538 2133 2893 2203 secundus
2942 2133 3267 2226 ejusdem

467 2246 880 2337 provinciae
923 2245 1344 2318 Ceollachus
1387 2248 1554 2329 fuit,
1603 2249 1728 2340 qui
1771 2249 2018 2319 relicto
2061 2248 2513 2339 episcopatus
2555 2246 2783 2318 officio
2824 2247 2917 2318 ad
2952 2246 3267 2319 Scotiam

468 2361 748 2431 rediit.”
811 2361 1142 2432 Praefuit
1175 2363 1506 2434 ecclesiae
1539 2385 1712 2433 suae
1735 2371 2044 2446 tantum,
2069 2385 2154 2433 ac
2179 2361 2596 2456 Feppingae
2620 2362 2946 2447 excessit.
3008 2361 3266 2432 Franc.

469 2473 802 2548 Godwin.
840 2497 999 2570 pag.
1033 2494 1436 2548 cchxm.
1472 2500 1563 2548 ex
1596 2477 1799 2548 Beda
1827 2479 1952 2549 lib.
1991 2494 2116 2548 111.
2151 2497 2305 2567 cap.
2342 2493 2523 2546 mx.
2626 2475 2815 2570 Ejus
2848 2481 3021 2547 sunt
3053 2495 3073 2546 ε

768 2590 1056 2661 Laudes
1091 2589 1322 2662 Oswii
1357 2591 1584 2686 Regis
2362 2590 2487 2661 lib.
2527 2607 2581 2660 1.

769 2703 1252 2774 Monitorium
1283 2706 1376 2776 ad
1411 2704 1730 2776 Gentiles
2360 2706 2485 2777 lib.
2524 2724 2579 2776 1.

571 2816 914 2889 Florebat
946 2839 1135 2890 anno
1169 2835 1466 2889 nemu.
1501 2829 1630 2890 aut
1661 2821 1967 2892 circiter.
2066 2818 2243 2890 Dies
2278 2840 2475 2890 sacer
2506 2820 2574 2891 ei
2609 2837 2823 2890 xxu.
2864 2819 3075 2892 Febr.
3152 2817 3272 2889 In-

471 2935 714 3028 jurius
745 2932 952 3005 nobis
987 2932 1406 3006 Parsonius.

1414 3163 1488 3235 S.
1544 3163 2067 3236 DAGAMUS.
2171 3168 2343 3234 382.

471 3397 544 3468 S.
601 3394 1026 3466 DAGAMUS
1088 3395 1206 3466 vel
1252 3392 1624 3488 Daganus,
1681 3393 1988 3483 epistota
2036 3389 2166 3460 SS.
2217 3388 2269 3459 J
2268 3390 2439 3470 usti,
2501 3388 2903 3476 Laurentii,
2964 3401 3039 3464 et
3090 3391 3267 3465 Mel-

468 3513 608 3594 liti,
675 3513 867 3602 apud
937 3509 1338 3580 Hem-icum
1405 3507 2082 3579 Huntindonensem
2163 3505 2291 3577 lib.
2366 3523 2489 3576 111.
2578 3529 2745 3600 pag.
2816 3525 3262 3580 chxxvn.

469 3623 888 3717 Episcopali
953 3625 1307 3718 dignitate
1381 3645 1646 3716 magna
1727 3623 2150 3692 claritudine
2217 3629 2293 3692 et
2358 3623 2785 3692 auctoritate
2852 3625 3037 3694 ritus
3108 3623 3269 3694 Bri-

468 3751 724 3811 tonum
785 3748 1034 3811 contra
1083 3736 1366 3833 Anglos
1425 3738 1796 3820 sustinuit,
1854 3738 2077 3808 donec
2133 3735 2556 3831 Augustino
2618 3744 2689 3806 et
2748 3736 3030 3809 Mellito
3088 3763 3133 3808 a
3188 3739 3263 3809 S.

468 3855 634 3926 sede
684 3855 1071 3946 apostolica
1123 3853 1362 3924 missis
1423 3852 1658 3935 cessit,
1719 3874 1801 3922 ac
1858 3861 2018 3922 tum
2076 3853 2326 3922 relicta
2380 3852 2608 3921 veteri
2658 3853 3055 3923 celebrandi
3105 3876 3266 3945 pas-

467 3969 698 4040 chatis
755 3969 1288 4051 consuetudine,
1350 3989 1569 4059 quam
1625 3967 1982 4036 mordicus
2038 3975 2251 4036 antea
2305 3964 2745 4050 defenderat,
2798 3989 3069 4038 morem
3118 3967 3266 4041 Ro-

467 4105 766 4153 manum
801 4085 1112 4154 admisit.
1183 4083 1386 4155 Beda
1435 4083 1558 4152 lib.
1615 4096 1703 4150 11.
1757 4078 1955 4150 Hist.
2009 4081 2425 4154 Ecclesiast.
2480 4079 2695 4152 Gent.
2748 4082 3052 4176 Anglor.
3106 4107 3258 4178 cap.

469 4214 580 4268 nr.
685 4195 833 4268 Ubi
880 4199 1016 4268 loci
1067 4199 1458 4289 episcopus,
1510 4204 1641 4267 aut
1689 4195 1898 4288 cujus
1949 4197 2299 4281 ecclesiae,
2354 4196 2576 4281 Beda,
2642 4199 2767 4289 qui
2816 4198 3011 4269 solus
3068 4203 3261 4292 quod

469 4312 692 4384 sciam
745 4313 902 4404 ejus
955 4314 1302 4394 meminit,
1357 4333 1505 4381 non
1554 4311 1928 4402 expressit,
1947 4380 1957 4388 .
1977 4314 2086 4383 uti
2137 4335 2267 4383 nec
2314 4311 2366 4382 J
2366 4333 2525 4384 oan.
2580 4311 2919 4384 Leslaeus
2968 4315 3090 4386 lib.
3148 4324 3257 4388 1v.

469 4449 637 4522 pag.
675 4442 908 4496 cL111.
1011 4427 1313 4517 Scripsit
3026 4433 3034 4441 '

769 4540 892 4611 Ad
928 4540 1400 4611 Britanorum
1433 4540 1832 4612 Ecclesiam
2453 4539 2579 4612 lib.
2619 4559 2671 4614 1.

565 4655 822 4727 Clarus
857 4655 1253 4728 habebatur
1285 4679 1478 4729 anno
1509 4657 1720 4726 salut.
1759 4672 1950 4726 ΜΝ.
1988 4657 2104 4726 vel
2135 4664 2223 4728 ut
2255 4656 2495 4728 verius
2521 4656 2645 4728 alii
2672 4678 2861 4730 anno
2884 4675 3112 4730 Delx.
3140 4660 3257 4730 die

471 4789 592 4842 xx
601 4788 688 4841 11.
725 4769 1001 4840 Martii.
