4384 5817
1293 575 1650 646 GENT-Is
1693 569 2257 656 sco'romm,
2302 573 2487 643 LIB.
2532 573 2591 642 1.
3272 571 3355 636 61

494 817 502 824 -
566 769 728 842 dem
757 767 936 842 foris
968 768 1364 862 amplexus.
1465 765 1656 862 Ejus
1687 775 1881 852 sunt,
1914 773 2098 841 teste
2129 765 2579 838 Bibliotheca
2608 759 3081 836 Germanica:

859 881 972 956 De
1003 880 1476 956 Authoritate
1505 879 1731 956 Verbi
1762 881 1902 955 Dei
1933 881 2279 954 adversus
2314 875 2833 976 [Episcopum]

958 995 1442 1081 Lundensem,
1477 995 1848 1070 Fridmioo
1877 997 2068 1068 Duci
2099 991 2473 1078 Saxoniae,
2546 992 2673 1064 lib.
2710 1009 2765 1064 1.

857 1111 1395 1186 commentaria
1426 1111 1506 1182 in
1537 1109 1634 1181 D.
1665 1109 1970 1183 Joannis
2003 1107 2293 1205 Evang.
2544 1106 2669 1180 lib.
2708 1123 2760 1178 1.

857 1223 976 1298 De
1003 1225 1256 1310 Missa,
1289 1237 1364 1298 et
1393 1223 1636 1297 Coena
1663 1223 1984 1308 Domini,
2017 1221 2331 1316 Lipsiae,
2548 1221 2674 1294 lib.
2710 1239 2765 1294 1.

864 1337 1250 1434 Expositio
1281 1337 1736 1411 Psalmorum
2555 1335 2681 1410 lib.
2718 1353 2773 1409 1.

493 1483 502 1498 ··
597 1483 608 1492 ·
864 1453 1266 1547 Responsio
1288 1453 1632 1526 adversus
1658 1451 2038 1525 Ruardum
2063 1451 2482 1546 Tapperum
2552 1452 2679 1523 lib.
2714 1469 2771 1523 1.
3011 1479 3019 1486 ·

571 1569 677 1645 Et
707 1569 848 1644 alia
879 1569 960 1640 in
992 1567 1444 1641 Bibliotheca
1473 1567 1811 1653 Classica,
1847 1567 2108 1661 quibus
2139 1567 2371 1660 liquet
2400 1587 2548 1640 non
2580 1565 2948 1639 indoctum
2978 1563 3225 1639 fuisse.

663 1683 928 1758 Pulsus
959 1692 1071 1757 est
1101 1677 1340 1756 Scotia
1355 1669 1562 1755 'anno
1596 1697 1867 1754 MDXL.
1901 1681 2080 1754 obiit
2114 1702 2287 1753 vero
2306 1675 2573 1754 ‘aetatis
2608 1701 2779 1753 suae
2826 1703 3017 1754 anno
3050 1697 3355 1752 Lxxln.

569 1800 650 1872 in
677 1801 1040 1873 academia
1069 1795 1431 1891 Lipsiensi
1453 1801 1676 1868 ‘xva
1711 1794 1988 1881 Martii,
2023 1800 2229 1870 xxvj
2261 1816 2453 1869 anno
2482 1797 2599 1868 sui
2630 1793 2852 1880 exilii,
2884 1795 2963 1866 id
2993 1805 3127 1880 est,
3171 1817 3361 1868 anno

573 1925 900 1986 mnxv.
933 1920 1021 1986 ut
1053 1913 1387 1985 observat
1417 1909 1674 1984 Aelius
1715 1908 2130 1983 Reusnerua
2173 1911 2255 1982 in
2299 1909 2545 1982 Indice
2590 1909 3134 2008 chronologico.
3235 1907 3364 1981 Di-

571 2028 760 2100 citur
787 2027 1054 2100 eximio
1085 2026 1268 2100 inibi
1309 2025 1734 2101 honestatus
1769 2025 2168 2119 epitaphio,
2210 2025 2339 2100 sed
2380 2045 2515 2099 nos
2564 2025 2708 2098 alio
2750 2023 2871 2099 hic
2914 2026 3085 2100 orbe
3126 2027 3363 2122 ignari

495 2181 498 2186 ·
573 2143 828 2216 talium
859 2143 1201 2216 vivimus.

1151 2371 1702 2448 ROBERTUS
1749 2369 2513 2446 ARCHIBALDUS.
2617 2375 2785 2444 110.

577 2603 1022 2678 Roma-ms
1068 2602 1576 2690 Archibaldus,
1625 2605 1840 2677 domo
1883 2599 2529 2687 Sanctandreanns,
2580 2598 3015 2674 Lutetianus
3061 2599 3370 2696 philoso-

575 2715 788 2810 phiae
818 2717 1196 2812 professor,
1226 2719 1356 2791 ubi
1389 2741 1656 2816 magno
1687 2719 2100 2806 auditorum
2133 2737 2483 2789 conctusa
2516 2715 3039 2803 celeberrimus,
3080 2717 3147 2790 si
3179 2718 3371 2811 quis-

575 2855 792 2927 quam
825 2835 1032 2921 alius,
1069 2834 1379 2928 sci-Ipsit,
1411 2837 1605 2929 quod
1637 2835 1728 2907 ad
1763 2853 2020 2906 manus
2052 2854 2247 2905 meas
2280 2832 2673 2916 devenerit,

868 2948 985 3021 De
1014 2949 1317 3046 Origine
1350 2949 1860 3043 Philosophiae
2553 2947 2679 3020 lib.
2718 2964 2775 3019 1.

869 3060 983 3135 De
1013 3063 1406 3160 Dignitate
1425 3063 1934 3158 Philosophiae
2560 3062 2687 3137 lib.
2724 3081 2779 3136 1.

872 3175 986 3250 De
1019 3176 1362 3250 Partibus
1396 3177 1902 3272 Philosophiae
2566 3178 2693 3250 lib.
2730 3196 2785 3251 1.

667 3289 948 3365 Docere
995 3293 1262 3385 incepit
1310 3313 1502 3364 anno
1551 3307 2012 3364 nanxvn.
2064 3298 2152 3364 ut
2198 3299 2559 3364 testantur
2596 3297 2767 3366 ‘acta
2798 3289 3027 3367 MSS·
3060 3295 3373 3368 nationis

579 3403 1040 3480 Germanicae
1069 3407 1338 3480 ibidem
1370 3406 1508 3480 loci
1541 3407 1634 3478 ad
1663 3405 1832 3480 DD.
1866 3404 2112 3480 Cosmi
2143 3416 2221 3480 et
2250 3405 2592 3481 Damiani
2624 3419 3011 3483 asservata.

1155 3749 1587 3824 ADAMUS
1634 3749 2516 3826 ABRENETHAEUS.
2619 3757 2787 3825 111.

588 3978 950 4052 Annuus
973 3977 1520 4054 Abrenethaeus
1545 3980 2166 4078 Edimburgensis,
2191 3981 2461 4055 Graece
2484 3981 2887 4078 Latineque
2910 3985 3005 4058 ad
3024 3985 3377 4060 invidiam

583 4097 696 4166 sui
741 4097 962 4166 seculi
1005 4096 1280 4178 doctus,
1321 4095 1834 4188 philosophicis
1877 4097 2096 4190 juxta
2143 4119 2229 4168 ac
2268 4097 2815 4171 humanioribus
2858 4101 3089 4174 literis
3132 4123 3379 4176 cumu-

581 4209 726 4282 late
759 4210 1180 4295 instructus,
1229 4231 1496 4306 magna
1539 4211 1812 4307 ingenii
1856 4212 2304 4295 claritudine,
2350 4213 2476 4285 sed
2520 4211 2789 4285 infelici
2834 4224 3028 4287 sorte
3070 4215 3381 4309 philoso-

585 4321 831 4416 phiam
874 4334 986 4398 est
1027 4324 1392 4418 professus
1435 4323 1510 4398 N
1511 4326 1784 4397 amausi
1826 4323 2409 4399 Arecomicorum
2452 4329 2533 4399 in
2572 4327 2841 4414 Volcis,
2884 4329 3117 4402 socius
3158 4333 3377 4404 etiam

583 4459 906 4510 meorum
940 4439 1120 4512 inibi
1151 4439 1503 4523 laborum,
1537 4449 1610 4512 et
1661 4462 1896 4512 comes
1937 4442 2282 4514 candidus
2324 4442 2811 4538 cujuscunque
2856 4442 3212 4531 fortunae,
3260 4471 3381 4518 ex·

587 4551 752 4624 inde
784 4551 1025 4647 Lyceo
1061 4552 1444 4647 Monspelii
1478 4556 1948 4648 praepositus,
1993 4555 2393 4629 doctorali
2368 4580 2450 4630 in
2482 4557 2835 4632 medicina
2874 4563 3118 4634 laurea
3158 4562 3377 4696 dona·

583 4675 725 4739 tus.
829 4665 1020 4762 Ejus
1051 4667 1228 4741 haec
1261 4671 1352 4742 ad
1383 4691 1642 4742 manus
1677 4691 1874 4742 meas
1905 4681 2309 4744 venerunt.

879 4781 1330 4878 Triumphus
1361 4783 1807 4872 Britanniae,
1845 4805 2060 4858 versu
2091 4795 2164 4858 et
2194 4807 2433 4880 prosa,
2576 4787 2699 4862 lib.
2738 4805 2790 4860 1.
