4384 5817
1386 599 1747 671 GENTIS
1792 597 2360 680 scoTORUM,
2401 595 2586 667 LIB.
2632 596 2791 667 v11.
3358 594 3490 660 325

774 796 981 870 Obiit
1015 791 1461 890 Rothomagi
1494 815 1691 866 anno
1722 809 2081 866 MDcva
2132 793 2394 866 aetatis
2427 811 2604 864 suae
2639 811 2758 864 an.
2797 804 3188 862 cxxxvn.
3241 787 3490 858 vivace

676 912 911 984 adhuc
942 909 1313 994 memoria,
1346 931 1433 982 ac
1464 907 1835 982 stomacho
1865 907 2114 992 habili,
2148 930 2284 980 nec
2313 909 2482 981 visu
2515 906 2883 1026 inefficaci,
2933 908 3138 980 nulla
3171 895 3491 997 corporfs

678 1035 907 1118 parte,
940 1027 1087 1100 nisi
1120 1025 1447 1120 pedibus,
1480 1025 1561 1098 in
1594 1033 1803 1098 tanto
1834 1024 2035 1098 senio
2064 1023 2510 1098 debilitatus-

1480 1253 1958 1330 JOANNES
2008 1253 2418 1328 GRAIUS.
2521 1251 2692 1336 60³7.

684 1493 1061 1566 MARTYR
1079 1488 1130 1561 J
1131 1510 1401 1563 oannes
1421 1486 1714 1573 Graius,
1735 1487 2262 1560 Franciscanae
2280 1485 2604 1560 familiae·
2632 1487 2895 1574 socius,
2916 1486 3495 1582 praevalentibus

684 1609 878 1681 domi
912 1605 1442 1678 haeretieorum
1476 1604 1780 1689 viribus,
1816 1612 2099 1676 armata
2145 1602 2460 1676 factione
2509 1605 2758 1676 omnia
2801 1604 3235 1698 possidente,
3285 1603 3498 1676 cessit

684 1724 939 1808 furori,
990 1732 1063 1796 et
1112 1721 1191 1793 in
1242 1721 1581 1817 Belgium
1631 1718 2024 1813 profectus,
2074 1743 2240 1792 cum
2282 1722 2438 1816 jam
2491 1721 3090 1817 septuagenarius
3141 1729 3350 1804 esset,
3405 1720 3498 1791 ab

683 1839 1059 1912 haereticis
1112 1835 1410 1910 nefariis
1454 1835 1750 1909 Geuziis
1801 1836 1895 1908 ad
1946 1835 2185 1928 ipsum
2237 1837 2463 1909 altare
2513 1837 2657 1931 maj
2667 1859 2777 1921 us,
2827 1846 2997 1910 ante
3047 1858 3324 1908 sacram
3376 1858 3499 1908 eu·

686 1954 1124 2038 charistiam,
1160 1953 1515 2047 martyrio
1546 1960 1657 2025 est
1691 1951 2014 2024 affectus.
2115 1951 2375 2023 Franc.
2413 1951 2763 2048 Gonzaga
2793 1974 2866 2047 p.
2907 1972 2960 2024 1.
2994 1975 3162 2049 pag.
3201 1969 3365 2024 clv,
3411 1953 3500 2024 de

687 2072 991 2168 Origine
1024 2068 1429 2165 Religionis
1465 2066 1913 2161 Seraphicae.
2016 2065 2348 2161 Scripsit,
2385 2077 2560 2141 ante
2592 2091 2965 2165 egressum
2997 2091 3038 2141 e
3069 2069 3332 2162 patria,

986 2185 1425 2281 Theologica
1456 2184 1813 2277 quaedam
2429 2185 2560 2257 lib.
2595 2201 2647 2256 1.
2684 2185 2814 2258 sed
2841 2208 2992 2260 non
3025 2187 3202 2258 vidi.

979 2300 1351 2396 Epistolas
1381 2311 1549 2395 post
1580 2321 1951 2373 excessum
1984 2323 2025 2372 e
2056 2300 2299 2394 patria
2426 2295 2552 2373 lib.
2591 2319 2644 2373 1.
2711 2301 2749 2350 ‘-

786 2419 1124 2493 Excessit
1169 2426 1453 2512 martyr
1504 2417 1893 2501 Bruxellis‚
1946 2417 2027 2488 in
2074 2417 2234 2509 ipso
2284 2417 2626 2490 coenobio
2676 2439 2834 2502 suo,
2885 2440 3079 2491 anno
3123 2432 3496 2492 Manlx.

687 2535 1031 2608 Meminit
1066 2533 1429 2606 Henricus
1462 2531 1799 2606 Sedulius
1832 2531 1915 2604 in
1946 2531 2214 2606 Coroll.
2263 2532 2545 2606 Hister.
2593 2533 2894 2626 Seraph.
2941 2557 3112 2632 pag.
3147 2552 3368 2612 Dexo
3377 2551 3502 2606 111.

685 2651 903 2726 Vitae
957 2652 1119 2746 ejus
1174 2649 1652 2744 martyriique
1704 2657 1869 2722 acta
1915 2658 1989 2722 et
2044 2650 2344 2722 modum
2399 2651 2638 2723 fusius
2689 2673 2794 2723 ex.
2836 2650 3112 2724 Latina
3169 2649 3508 2726 Historia

692 2770 1109 2863 Martyrum
1143 2764 1791 2838 Franciscanorum
1828 2764 2081 2852 Italice,
2122 2769 2501 2840 transtulit
2549 2766 2818 2840 Daniel
2867 2767 3295 2852 Perusinus,
3339 2777 3416 2840 et
3463 2771 3510 2840 'a

688 2886 1043 2981 theologis
1078 2883 1275 2956 illius
1308 2883 1539 2954 sancti
1573 2883 1849 2954 ordinis
1882 2883 2206 2976 probata,
2259 2881 2634 2956 Cardinali
2679 2881 2732 2956 J
2733 2885 3104 2976 ustiniano
3133 2883 3505 2977 inscripta.

690 3001 920 3075 Errat
969 3010 1237 3082 tamen,
1286 2998 1417 3092 qui
1467 2999 1676 3070 illum
1722 3021 1763 3071 e
1814 2996 2196 3071 Scotorum
2245 2997 2530 3071 familia
2577 3001 2968 3072 oriundum
3016 3000 3329 3093 putavit,
3381 3001 3510 3094 qui

690 3117 1083 3198 Graiorum
1115 3123 1295 3200 erat,
1340 3137 1497 3208 cap.
1533 3131 1711 3188 xm.
1756 3114 2129 3188 infinitum
2170 3116 2424 3208 populi
2457 3115 2956 3188 Bruxeliensis
2997 3117 3353 3211 gemitum
3403 3139 3509 3190 se·

690 3234 945 3328 quenti
976 3233 1235 3304 deinde
1268 3233 1503 3325 mpite
1538 3248 1748 3302 xnn.
1802 3231 2246 3323 exsequitur,
2300 3231 2592 3316 addens,
2646 3241 2692 3275 “
2735 3231 3026 3305 infirmo
3075 3232 3383 3316 cuidam,
3435 3243 3510 3304 et

690 3349 901 3446 gravi
934 3347 1189 3422 morbo
1218 3348 1601 3431 laboranti,
1636 3356 1914 3420 attactu
1948 3347 2105 3441 ejus
2138 3347 2516 3443 sanguinis
2567 3349 2954 3420 sanitatem
3001 3350 3414 3421 restitutam
3440 3350 3506 3419 z'’

688 3489 844 3560 cap.
898 3483 1148 3537 xL111.
1214 3463 1581 3536 fusissime
1640 3462 1956 3536 Scotiam
2016 3460 2411 3556 Scotosque
2467 3473 2722 3538 auctor
2777 3466 2902 3536 ille
2957 3465 3262 3549 extollit,
3320 3465 3508 3538 hanc

690 3593 1044 3677 tanquam
1096 3588 1468 3673 parentem
1530 3578 1997 3673 altricemque
2044 3578 2424 3651 doctorum
2483 3590 2559 3652 et
2619 3589 3062 3665 sanctorum,
3121 3581 3300 3684 istos
3357 3581 3510 3674 pie-

690 3707 841 3770 tate
875 3707 950 3769 et
983 3697 1214 3770 literis
1258 3695 1499 3788 patria
1541 3717 1676 3768 sua
1716 3694 2206 3792 dignissimos,
2257 3696 2538 3792 totique
2582 3697 2743 3770 orbi
2789 3697 3203 3783 celebratos,
3253 3707 3328 3771 et
3360 3721 3508 3771 me-

692 3813 857 3886 ritis
890 3813 1047 3886 suis
1077 3819 1313 3884 notos.

1506 4042 1581 4115 S.
1636 4040 2428 4118 GODELBERTUS.
2531 4043 2705 4118 608.

694 4275 771 4350 S.
856 4275 1479 4350 Gonnnnnmus
1558 4275 1973 4371 Presbyter,
2078 4276 2330 4349 rhetor
2409 4277 2955 4362 disertissimus,
3035 4277 3510 4374 philosophus

697 4393 1115 4466 Platonicae
1175 4402 1407 4466 sectae
1468 4392 2005 4477 subtilissimus,
2064 4392 2443 4490 theologus
2492 4394 3000 4479 memorabilia,
3052 4417 3182 4467 nec
3231 4395 3510 4493 Anglo-

697 4508 891 4581 Saxo
939 4530 1073 4580 nec
1120 4507 1547 4594 Britannus,
1600 4507 1725 4580 sed
1774 4506 2066 4592 Scotus,
2104 4519 2194 4580 ut
2255 4511 2527 4582 discere
2585 4510 2972 4601 potuisset,
3026 4534 3172 4583 non
3235 4511 3327 4584 ab
3386 4535 3514 4584 an-

694 4625 982 4697 nalibus
1032 4625 1250 4698 modo
1297 4625 1593 4710 nostris,
1646 4623 1771 4696 sed
1820 4647 1865 4695 a
1913 4623 2267 4719 magistro
2315 4647 2448 4698 suo
2496 4624 2790 4709 Balaeo,
2841 4628 3232 4723 singularis
3281 4631 3513 4722 impu-

698 4741 987 4836 dentiae
1005 4738 1057 4809 J
1058 4761 1329 4812 oannes
1348 4739 1706 4812 Pitsaeus.
1783 4737 2340 4832 Praeceptorem
2351 4741 2610 4814 habuit
2635 4741 2711 4814 S.
2741 4740 3139 4829 Sedulium,
3176 4744 3269 4815 ad
3302 4745 3512 4840 cujus

699 4855 1179 4930 imitationem
1262 4855 1633 4930 heroicum
1716 4877 1935 4928 suum
2010 4877 2291 4950 poema,
2373 4880 2418 4930 a
2481 4858 2754 4932 mundo
2820 4869 3061 4934 creato
3125 4880 3354 4954 usque
3421 4862 3513 4932 ad
