4384 5817
1056 567 1188 634 156
1829 565 2297 636 HISTORIA
2342 562 3090 635 ECCLESIASTICA

1068 759 1344 832 sionem
1376 757 1672 830 Domini
1707 756 2045 829 celebrari
2087 759 2469 848 praecepit.
2571 755 2970 827 Meminere
3020 752 3359 827 Sidonius
3410 752 3850 846 Apollinaris

1061 876 1186 946 lib.
1225 893 1370 946 v11.
1405 875 1614 967 epist.
1651 893 1704 980 J.
1739 872 2039 967 Gregor.
2075 871 2445 944 Turonen.
2484 873 2607 944 lib.
2648 889 2737 942 11.
2772 869 3049 942 Hister.
3080 869 3339 942 Franc.
3364 891 3517 962 cap.
3546 889 3845 944 xxxrv,

1063 989 1310 1061 Albin.
1333 1013 1462 1062 seu
1481 988 1771 1060 Alcuin.
1799 987 2100 1060 Flaccus
2125 987 2251 1058 lib.
2279 989 2367 1058 de
2398 987 2647 1059 Divin.
2684 985 2889 1058 Offic.
2928 1009 3080 1078 cap.
3110 1002 3377 1058 van.
3448 985 3615 1060 Ado
3640 987 3847 1062 Vien.

1066 1103 1398 1176 Chronic.
1436 1113 1670 1177 aetate
1704 1122 1814 1175 v1.
1869 1103 2048 1175 Fuit
2080 1105 2159 1174 in
2191 1102 2635 1174 Convallano
2676 1103 3049 1196 quidpiam
3084 1079 3513 1185 divinitatis,
3546 1125 3715 1174 nam
3750 1125 3849 1176 se-

1065 1221 1366 1292 cretiora
1399 1223 1663 1291 seelera
1692 1219 2126 1312 quibusdam
2161 1219 2629 1310 optimatibus
2664 1217 2957 1300 detexit,
2990 1239 3137 1309 quo
3168 1217 3459 1287 nomine
3507 1217 3617 1288 illi
3650 1241 3697 1290 a
3728 1218 3851 1291 fla-

1063 1337 1330 1430 gitioso
1361 1344 1524 1407 actu
1561 1337 1754 1407 vitae
1779 1336 1868 1406 ad
1895 1357 2142 1406 sanam
2167 1343 2477 1406 mentem
2502 1334 2892 1404 redierunt.
2958 1331 3008 1402 J
3009 1353 3275 1404 oannes
3308 1331 3851 1426 Campusbellus

1067 1460 1138 1522 et
1166 1449 1670 1524 veremundus
1691 1455 2014 1522 auctores
2039 1461 2235 1532 sunt,
2256 1469 2401 1519 non
2434 1469 2661 1541 pauca
2692 1447 2787 1519 sb
2818 1449 2943 1518 illo
2972 1447 3359 1540 praedicta,
3392 1469 3576 1539 quae
3608 1459 3853 1542 postea

1067 1577 1368 1640 eventus
1401 1567 1916 1658 comprobavit.
2017 1563 2207 1660 Ejus
2242 1574 2415 1635 sunt
2447 1565 2809 1647 vaticinia,

1359 1683 1473 1754 De
1505 1681 1874 1754 Pictorum
1910 1680 2573 1770 Britannorumque
2607 1678 2845 1774 Regni
2877 1677 3184 1750 Excidio
3390 1680 3513 1751 lib.
3550 1698 3604 1750 1.

1361 1797 1475 1871 De
1509 1798 1888 1870 Scotorum
1926 1794 2217 1891 Regum
2250 1787 2705 1866 Successione
3392 1795 3520 1870 lib.
3556 1813 3611 1866 1.

1365 1914 1476 1988 De
1510 1914 1918 2011 Anglorum
1953 1911 2209 1983 Gentis
2242 1909 2495 1983 fiitura
2524 1910 2605 1980 in
2636 1907 3009 1980 Christum
3044 1907 3325 1982 Pietate
3388 1909 3515 1982 lib.
3552 1929 3607 1981 1.

1365 2031 1650 2103 Monita
1684 2029 1777 2100 ad
1811 2029 2152 2100 Proceres
3390 2026 3516 2098 lib.
3552 2045 3606 2098 1.

1161 2147 1473 2220 Vivebat
1545 2167 1736 2219 anno
1803 2159 2182 2216 cccxcvl.
2258 2139 2427 2214 Ado
2491 2138 2845 2214 Viennen.
2913 2141 3031 2212 vel
3086 2161 3277 2213 anno
3342 2157 3846 2218 ccccnmn.

1065 2263 1414 2360 Sigebert.

1976 2460 2051 2531 S.
2105 2455 2679 2532 CORMACUS.
2782 2454 2953 2530 260.

1067 2613 1137 2686 S.
1188 2611 1664 2695 conusens,
1717 2609 1962 2682 Sancti
2012 2607 2242 2680 Beani
2289 2616 2361 2680 et
2402 2606 2739 2680 Donortii
2771 2609 2851 2679 in
2884 2609 3298 2701 episcopatu
3332 2609 3853 2684 Murthlacensi

1069 2751 1454 2813 successor,
1505 2736 1578 2798 et
1627 2727 1952 2799 eruditus
2003 2733 2076 2794 et
2124 2725 2289 2817 pius
2337 2724 2658 2808 antistes,
2728 2725 2819 2796 de
2874 2747 3019 2818 quo
3072 2725 3257 2796 nihil
3308 2726 3713 2799 addendum
3766 2729 3856 2799 iis

1067 2868 1252 2938 quae
1285 2845 1377 2916 ab
1413 2843 1724 2915 Hectore
1759 2840 2066 2914 Boethio
2099 2849 2273 2911 sunt
2303 2839 2591 2931 prodita
2636 2839 2761 2912 lib.
2797 2839 2885 2910 de
2916 2838 3299 2934 Episcopis
3332 2841 3855 2916 Aberdonensi-

1067 2961 1224 3034 bus.
1329 2958 1517 3055 Ejus
1551 2969 1769 3031 sunt.

1367 3076 1759 3148 conciones
1791 3075 1953 3166 pise
2952 3072 3077 3144 lib.
3114 3089 3167 3143 1.

1167 3191 1567 3265 Ecclesiam
1615 3190 1910 3286 regebat
1957 3211 2162 3261 suam
2216 3203 2463 3259 mxu.
2566 3183 2858 3260 Hector.
2916 3187 3171 3260 Boeth.
3221 3189 3347 3260 lib.
3400 3207 3516 3260 11.
3579 3187 3856 3262 Histor.

1073 3311 1264 3384 Scot.
1299 3331 1464 3405 pag.
1502 3322 1801 3380 cchv.
3032 3297 3040 3306 '

1797 3506 1872 3578 s.
1924 3501 2477 3576 conMActh
2524 3499 2855 3574 Amos,
2954 3499 3125 3574 261.
3242 3457 3247 3462 ’

1072 3664 1146 3737 S.
1175 3663 1525 3735 ConMAc
1535 3675 1627 3729 us
1653 3657 1836 3730 alius
1861 3655 2112 3726 multis
2131 3653 2391 3726 seculis
2410 3651 2720 3744 priorem
2749 3653 3153 3744 praecessit,
3186 3653 3519 3746 “primus
3542 3653 3859 3728 Scotieae
3896 3639 3899 3644 ¹

1071 3779 1401 3851 ecclesiae
1457 3771 1916 3844 illustrator.”
2035 3767 2111 3840 S.
2169 3768 2533 3839 Adamani
2584 3767 2706 3838 lib.
2770 3785 2891 3838 111.
2951 3770 3041 3838 de
3090 3766 3265 3840 Vita
3322 3767 3398 3838 S.
3450 3767 3857 3852 Columbae,

1073 3917 1226 3988 cap.
1264 3909 1446 3964 xxl.
1499 3899 1544 3932 ‘⁶
1580 3887 2182 3959 Monasteriorum
2216 3892 2626 3956 sanctorum
2659 3883 3075 3955 fundatores
3109 3885 3197 3954 de
3238 3882 3501 3968 Scotia,
3550 3905 3860 3977 quorum

1072 4010 1382 4084 illustria
1405 4006 1772 4088 vocabula,
1797 4001 2208 4097 Congellus,
2229 3999 2754 4083 Cahinnechus,
2784 3998 3227 4084 Brendenus,
3254 3998 3707 4083 cormacus?
3730 4021 3861 4072 nee

1072 4130 1303 4221 plura.
1405 4122 1708 4213 Scripsit

1369 4239 1726 4335 Regulam
1759 4236 1852 4307 ad
1885 4233 2180 4308 Fratres
2953 4230 3081 4303 lib.
3121 4249 3175 4301 1.

1172 4355 1488 4432 Vivebat
1521 4374 1709 4426 anno
1746 4368 1874 4422 De.
1958 4348 2192 4424 Abest
2222 4349 2317 4424 ab
2348 4347 2677 4422 omnibus
2712 4347 3269 4442 martyrologiis.

2037 4545 2114 4618 S.
2164 4546 2625 4619 CANICUS.
2726 4543 2893 4618 262.

1081 4717 1128 4753 ‘⁶
1178 4705 1252 4780 S.
1325 4704 1693 4776 CANlcUs
1769 4700 1845 4770 in
1911 4698 2152 4770 Scotia
2234 4696 2513 4780 abbas?
2596 4697 2701 4768 ait
2777 4693 3387 4792 Martyrologium
3419 4697 3863 4769 -Romanum

965 4802 970 4808 ’
1076 4827 1193 4897 die
1260 4839 1376 4894 11.
1447 4817 1802 4891 Octobris.
1905 4813 2283 4886 Usuardus
2350 4813 2567 4885 etiam
2635 4811 2886 4884 eodem
2944 4812 3086 4897 die,
3152 4810 3280 4883 ubi
3347 4812 3397 4883 J
3398 4835 3463 4884 o.
3526 4811 3863 4884 Molanus
