4384 5817
2309 476 2454 563 viii

996 688 1305 775 abhinc
1340 689 1583 775 annis
1620 688 1923 775 habuit
1956 690 2274 775 amicus
2307 716 2548 775 meus
2583 688 2792 775 Adr.
2841 688 3086 774 cath.
3139 687 3512 790 Holtius,
3551 692 3785 805 juris·

996 818 1259 903 civilis
1298 819 1389 905 in
1426 818 1869 905 academia·
1886 820 2388 905 Lovaniensi
2437 817 2852 931 professor
2901 818 3450 905 doctissimus.
3563 821 3772 905 Ora*

997 946 1318 1032 tionem
1376 948 1485 1031 de
1550 948 1833 1032 studio
1886 950 2252 1060 poetices
2313 951 2500 1061 conj
2509 947 2906 1058 ungendo
2963 973 3156 1031 cum
3219 948 3506 1033 studio
3551 950 3770 1061 juris

1000 1076 1387 1175 Romani,
1448 1104 1671 1179 anno
1732 1079 1945 1168 1693
2006 1076 2590 1189 Franequerae
2645 1075 3056 1161 habuerat
3109 1076 3554 1162 Cornelius
3607 1104 3770 1161 van

998 1204 1204 1289 Eck.
1317 1205 1643 1315 Utique
1680 1206 1963 1292 sordet
2000 1208 2181 1291 sine
2217 1205 2486 1291 literis
2505 1204 3242 1317 'jurisprudentia3
3295 1206 3416 1289 ita
3469 1217 3560 1291 et
3573 1264 3594 1277 -
3615 1206 3770 1290 tibi

986 1333 1661 1445 jurisconsultus
1702 1334 1974 1420 omnis
2016 1362 2288 1447 paene
2337 1334 2834 1420 eruditionis
2887 1356 3184 1447 expers
3229 1345 3490 1445 atque
3539 1334 3772 1446 ignas-

996 1490 1161 1561 rua,
1201 1461 1420 1547 nihil
1454 1476 1587 1547 est
1624 1462 1784 1549 nisi
1822 1462 2258 1575 leguleius.
2372 1463 2494 1550 At
2529 1462 3106 1575 Dempsterus,
3151 1464 3380 1547 omni
3390 1466 3542 1549 bus
3588 1465 3766 1549 fere

995 1592 1424 1702 praesidiis
1461 1591 1947 1693 instructus,
1986 1584 2522 1705 antiquitatis
2557 1592 2938 1677 eruditae
2975 1590 3360 1677 studium
3399 1594 3510 1677 ad
3543 1608 3772 1687 vete-

995 1746 1185 1803 rum
1216 1720 1898 1833 jurisperitorum
1936 1720 2588 1834 intelligentiam
2625 1722 3062 1806 referebat.
3177 1722 3478 1807 Rosini
3517 1722 3766 1807 Anti-

993 1849 1363 1960 quitates
1402 1844 1824 1935 Romanas
1876 1879 2049 1939 non
2097 1880 2398 1963 parum
2451 1849 3020 1964 locupletavit,
3080 1855 3434 1964 ejusque
3485 1850 3768 1951 editio,

989 2006 1209 2090 quae
1248 1976 1645 2064 Lutetiae
1682 1979 2194 2065 Parisiorum
2230 1980 2548 2091 prodiit
2581 2008 2806 2065 anno
2852 1980 3092 2081 1613,
3119 1981 3448 2093 saepius
3487 1994 3620 2066 est
3644 2010 3770 2067 re-

990 2106 1279 2221 petita,
1346 2106 1960 2218 elegantissime
2020 2136 2217 2192 vero
2281 2107 2888 2193 Amstelodami
2960 2136 3186 2195 anno
3252 2116 3520 2201 1743.
3498 2141 3521 2164 ·
3597 2140 3770 2221 quo
3947 2230 3956 2253 1

989 2236 1335 2347 quidem
1402 2264 1653 2349 opere
1728 2236 2096 2348 plurima
2160 2238 2378 2349 juris
2453 2236 2721 2322 civilis
2794 2238 3072 2350 capita
3143 2240 3769 2351 expenduntur.

991 2366 1209 2479 Ejus
1246 2392 1587 2477 quoque
1624 2362 1965 2451 libellus
2002 2380 2152 2464 est,
2190 2378 2239 2417 ‘⁴
2265 2364 2572 2464 Κιραυνός
2601 2366 2722 2441 καὶ
2751 2364 3090 2451 Ὀἰολδς
3065 2394 3157 2451 m
3185 2366 3442 2453 libros
3473 2368 3772 2453 1v.In·

991 2495 1608 2581 stitutionumff’
1727 2493 2181 2593 Bononiae,
2255 2496 2492 2595 1622,
2559 2504 2744 2579 8vo.
2861 2494 3006 2595 Et,
3071 2506 3290 2583 teste
3349 2497 3604 2583 Petro
3665 2498 3774 2581 de

994 2623 1462 2735 Ludewig
1438 2650 1529 2705 ln
1568 2621 1771 2707 Vita
1806 2620 2267 2707 «Iustiniani
2309 2651 2387 2735 p.
2427 2632 2561 2724 45,
2597 2636 2646 2675 ‘⁶
2677 2636 3053 2723 meretur
3090 2622 3430 2711 libellus
3457 2626 3774 2725 recudi,

994 2782 1186 2838 cum
1228 2764 1459 2837 totus
1494 2751 1607 2835 sit
1642 2750 1734 2834 in
1773 2751 2422 2862 antiquitatibus
2461 2752 2888 2854 Romanis,
2917 2766 3010 2839 et
3043 2754 3435 2839 notandis
3472 2756 3772 2840 errori-

992 2882 1209 2967 bus
1186 2910 1279 2965 ιιι
1308 2884 1504 2993 jure
1532 2879 1589 2962 J
1591 2878 2135 2967 ustlmaneo
2211 2882 2550 2967 Edidit
2575 2884 2948 2996 denique
2977 2884 3605 2997 Dempsterus“
3635 2879 3768 2967 De

990 3013 1047 3096 J
1050 3022 1489 3097 uramento
1526 3007 1673 3095 lib.
1714 3038 1853 3093 111.
1954 3007 2235 3095 Locus
2267 3020 2374 3097 ex
2411 3010 2704 3123 Antiq.
2737 3012 2982 3097 Rom.
3011 3010 3530 3111 retractatus,
3613 3014 3774 3097 Sa·-
3771 3042 3782 3049 ·

990 3140 1417 3225 tisfactum
1460 3139 1772 3223 Famae
1805 3136 2003 3222 111ΙΙΙΙΙι
2042 3138 2141 3222 Β.
2172 3138 2302 3227 Μ.
2325 3138 2796 3225 cardinalis
2823 3138 3340 3241 Bellarmini‚
3371 3140 3522 3252 qui
3559 3140 3784 3227 falso·

993 3267 1656 3368 insimulabatur,
1693 3265 2181 3378 theologice,
2203 3269 2598 3382 juridice,
2645 3268 3064 3368 historice,
3113 3270 3611 3381 antiquarie,
3663 3298 3770 3353 ex

991 3396 1435 3509 utriusque
1489 3395 1851 3507 linguae,
1902 3396 2284 3481 omnium
2337 3398 2748 3509 gentium,
2802 3398 3076 3483 omnis
3139 3398 3438 3483 aetatis
3501 3398 3772 3484 moni-

992 3527 1371 3613 mentis?
1486 3526 1941 3625 Bononiae,
1990 3526 2229 3626 1623,
2267 3532 2449 3611 8vo.

1102 3658 1267 3741 Sed
1312 3656 2125 3769 praestantissimum
2179 3655 2662 3767 Dempsteri
2713 3684 2926 3768 opus
2971 3656 3154 3741 sine
3211 3658 3771 3743 controversia

993 3785 1211 3869 illud
1248 3798 1375 3869 est
1410 3786 1643 3897 quod
1680 3780 2122 3897 inscripsit,
2174 3787 2308 3870 De
2341 3785 2700 3871 Etruria
2751 3786 3052 3897 Regula·
3075 3820 3110 3881 ,·
3173 3812 3406 3897 opus,
3451 3798 3557 3870 ut
3617 3784 3764 3871 ille

991 3916 1132 4015 ait,
1171 3942 1278 3997 ex
1314 3914 1585 3997 tribus
1622 3908 2063 3998 auctorum
2100 3911 2476 3999 millibus
2513 3913 2979 4000 collectum.
3093 3916 3594 4026 Susceptum
3641 3929 3770 3999 est

992 4057 1082 4129 et
1117 4047 1295 4156 jam
1339 4044 1450 4126 ad
1500 4041 1997 4127 umbilicum
2047 4043 2554 4154 perductum
2603 4071 2798 4127 eum
2845 4042 2938 4127 in
2989 4043 3410 4127 academia
3467 4043 3770 4129 Pisana

984 4179 1127 4287 j‘us
1162 4172 1406 4259 civile
1444 4172 1803 4271 doceret,
1842 4171 1931 4255 id
1960 4184 2107 4269 est,
2136 4171 2362 4255 intra
2387 4184 2560 4257 tres
2587 4184 2924 4257 tantum
2951 4200 3238 4273 annos,
3265 4182 3376 4273 et,
3403 4172 3474 4257 si
3501 4174 3770 4258 omni-

989 4308 1149 4388 bus
1168 4303 1341 4387 suis
1359 4302 1731 4386 numeris
1748 4327 1921 4385 non
1941 4299 2398 4413 expletum,
2421 4301 2848 4412 egregium
2865 4314 3094 4385 certe
3117 4300 3766 4387 'monumentum

994 4434 1313 4545 ingenii
1350 4426 1479 4517 est
1513 4442 1605 4515 et
1642 4430 2161 4515 eruditionis.
2273 4429 2756 4515 centesimo
2792 4429 2968 4513 fere
3013 4457 3240 4515 anno
3294 4441 3486 4542 post
3533 4458 3768 4541 prae-

990 4574 1405 4647 maturam
1446 4560 1929 4671 Dempsteri
1968 4572 2348 4659 mortem,
2385 4558 2707 4670 prodiit
2741 4558 3086 4643 tandem
3123 4558 3212 4643 in
3253 4556 3528 4643 lucem
3549 4588 3766 4644 cura

992 4705 1079 4778 et
1142 4690 1615 4803 sumptibus
1676 4688 2328 4801 splendidissimi
2407 4698 2498 4773 et
2571 4687 3078 4773 ornatissimi
3153 4688 3310 4771 viri
3387 4686 3766 4773 Thomae
