4384 5817
1314 571 1670 642 GENTIS
1730 571 2288 650 SCOTORUM‚
2336 571 2516 640 LIB.
2557 572 2679 639 lv.
3257 571 3385 636 219

593 767 970 836 victoriam
1038 765 1456 835 asseruisset
1481 763 1516 832 ἶ)
1595 763 1788 834 Tum
1847 763 2287 834 adstantium
2339 763 2655 855 quidam,
2720 761 2951 856 digito
3008 760 3380 855 designan-

591 890 700 950 tes
735 904 898 951 eum
932 882 1231 961 intento,
1265 879 1606 950 dixerunt
1639 876 1930 960 Sentice,
1981 872 2267 948 Scholto
2314 873 2683 971 Douglas,
2734 879 2811 948 id
2846 886 2977 960 est,
3017 885 3063 918 “
3096 876 3261 945 vide
3294 877 3381 944 il-

594 998 746 1065 lum
781 997 1100 1090 nigrum,
1133 993 1472 1064 subfusco
1504 995 1734 1064 colore
1761 993 1820 1061 :'’
1855 1002 2044 1064 tunc
2076 994 2267 1063 enim
2302 993 2725 1087 cognomina
2758 996 2957 1064 nulla
2984 1000 3211 1073 erant,
3240 991 3381 1060 nisi

589 1133 637 1180 a
669 1112 976 1202 praediis
1009 1111 1258 1201 petita,
1309 1110 1432 1179 sed
1479 1117 1609 1180 aut
1650 1132 1697 1179 a
1736 1109 2060 1199 patribus
2105 1109 2457 1178 nominati
2506 1109 2671 1190 viri,
2724 1116 2850 1177 aut
2900 1132 2944 1178 a
2994 1110 3247 1189 colore,
3299 1113 3384 1176 ut

592 1223 852 1310 Albus,
897 1225 1150 1320 Niger,
1201 1223 1504 1308 Fuscus,
1552 1224 1850 1306 Viridis,
1894 1224 2305 1305 CaeruleuS,
2356 1232 2429 1292 et
2475 1223 2916 1316 huJusmedi.
3018 1213 3180 1292 Rex
3212 1242 3383 1314 ergo

593 1339 826 1411 victor
857 1363 1021 1410 eum
1054 1339 1363 1431 praediis
1407 1340 1666 1430 opimis
1712 1339 2030 1420 donavit,
2072 1361 2257 1431 quae
2300 1339 2517 1408 etiam
2562 1339 2775 1408 hodie
2819 1337 3376 1432 Douglasdaille,

597 1454 674 1523 id
707 1463 838 1538 est,
886 1453 1450 1549 Douglasiorum
1502 1455 1732 1537 vallis,
1787 1462 2104 1534 vocatur,
2156 1462 2231 1523 et
2280 1453 2369 1523 ab
2414 1453 2539 1524 illo
2580 1462 2843 1524 eventu
2889 1462 3171 1547 gentem
3226 1471 3383 1520 eam

596 1577 1060 1661 posterosque
1093 1590 1338 1648 omnes
1383 1567 1814 1663 Douglasios
1861 1571 2100 1638 vocari
2142 1569 2300 1662 lege
2332 1571 2594 1638 sanxit.
2695 1567 2941 1660 Hujus
2991 1575 3196 1658 pater
3242 1563 3386 1636 fuit

413 1671 422 1680 ’
538 1743 552 1756 .
593 1704 726 1754 rex
785 1683 1197 1765 Mordacus,
1257 1685 1378 1754 sed
1429 1684 1582 1774 ipse
1630 1683 1940 1754 factione
1985 1682 2180 1752 civili
2228 1685 2479 1774 pulsus
2537 1683 2615 1752 in
2674 1681 3041 1776 Norvegia
3088 1681 3385 1752 delitue-

593 1807 733 1880 rat,
783 1820 866 1868 ac
914 1807 1092 1869 tunc
1137 1799 1428 1891 quidem
1479 1799 1771 1868 domum
1820 1797 2169 1868 redierat:
2220 1797 2409 1867 filius
2458 1797 2615 1890 ejus
2668 1795 2915 1892 Hugo,
2966 1819 3129 1868 cum
3180 1819 3265 1866 eo
3312 1805 3386 1865 et

593 1915 763 1982 exul
797 1921 870 1982 et
902 1913 1151 1996 redux,
1186 1913 1364 1983 duos
1396 1912 1578 1984 filios
1613 1913 1947 2004 suscepit,
1981 1911 2419 1982 Gulielmum
2444 1921 2517 1982 et
2546 1909 2975 2006 Hugonem;
3026 1911 3383 2002 posterior

595 2027 888 2119 quidem
940 2038 1274 2120 paternas
1333 2029 1528 2098 domi
1577 2029 2054 2119 possessiones
2103 2027 2359 2109 tenuit,
2411 2027 2851 2118 stirpemque
2900 2027 3327 2120 propagavit
3359 2046 3380 2109 3

595 2145 778 2214 alter
825 2167 988 2214 cum
1041 2142 1402 2214 Gulielmo
1450 2142 1748 2213 Archaii
1797 2142 1988 2236 regis
2039 2141 2263 2212 fratre
2304 2143 2385 2212 in
2434 2142 2747 2224 Italiam,
2798 2143 3165 2234 copiarum
3218 2141 3387 2212 Sco-

595 2259 924 2341 tiearum,
960 2257 1218 2329 Carolo
1251 2257 1526 2352 Magno
1559 2257 2049 2339 militantium,
2100 2257 2377 2338 ductor,
2428 2265 2503 2327 et
2550 2279 2715 2326 cum
2766 2257 2843 2326 in
2890 2257 3221 2328 morbum
3272 2257 3385 2325 in'-

595 2374 906 2457 cidisset,
944 2373 1274 2444 substitit
1311 2371 1757 2454 Placentiae;
1819 2371 2138 2442 discussa
2182 2394 2355 2443 vero
2404 2373 2835 2456 valetudine,
2871 2373 3203 2464 Spettini‚
3243 2371 3385 2441 viri

597 2489 1022 2560 auctoritate
1071 2501 1144 2559 et
1202 2488 1458 2579 opibus
1511 2489 1788 2580 inclyti,
1837 2487 2058 2558 filiam
2108 2487 2186 2557 in
2236 2509 2536 2558 uxorem
2585 2489 2819 2570 duxit,
2870 2489 3063 2558 unde
3111 2487 3387 2557 familia

597 2604 810 2675 Scota
863 2605 1151 2686 ibidem,
1215 2602 1616 2672 incredibili
1673 2605 2066 2684 literarum,
2125 2624 2512 2686 armorum,
2563 2603 2964 2674 sanctitatis
3015 2603 3387 2695 splendore

595 2720 891 2810 pollens,
955 2719 1302 2812 originem
1361 2717 1611 2800 trahit,
1681 2739 1900 2810 quam
1957 2725 2062 2800 tu,
2121 2717 2603 2788 illustrissime
2668 2717 2850 2789 Fabi
2919 2740 3173 2800 comes,
3242 2738 3388 2787 non

599 2833 1000 2926 vulgariter
1077 2830 1479 2915 munificus,
1566 2831 1892 2916 blandus,
1964 2855 2209 2904 rerum
2291 2833 2732 2927 agendarum
2816 2835 3385 2920 callentissimus,

598 2969 924 3020 exornas.
1009 2945 1164 3017 Nec
1221 2947 1400 3017 illud
1459 2946 1748 3036 quidem
1806 2947 2094 3038 probari
2153 2949 2484 3031 arduum,
2542 2969 2712 3018 nam
2768 2958 3050 3040 praeter
3102 2949 3387 3018 histori-

597 3085 718 3134 cos
767 3063 1220 3134 Placentinos
1269 3070 1342 3133 et
1392 3061 1663 3145 Scotos,
1713 3065 2028 3158 insignia
2058 3065 2134 3133 id
2167 3071 2447 3144 notant,
2501 3071 2545 3103 ‘⁶
2578 3072 2725 3133 tres
2776 3064 3021 3133 stellae
3072 3064 3148 3133 iu
3199 3085 3387 3134 cam-

601 3199 698 3269 po
751 3181 1078 3249 caeruleo
1105 3179 1170 3262 ;”
1229 3187 1302 3247 et
1359 3179 1523 3248 licet
1580 3176 1980 3249 Placentini
2029 3199 2353 3270 proceres
2412 3199 2601 3247 nunc
2650 3179 2829 3248 duas
2887 3185 3172 3247 tantum
3222 3183 3389 3250 stel-

597 3295 704 3364 las
771 3291 1200 3386 praeferant,
1271 3299 1514 3362 tamen
1579 3293 1823 3362 eadem
1891 3300 2337 3386 argumenta,
2405 3313 2553 3362 una
2617 3293 2809 3361 enim
2875 3314 3123 3362 earum
3190 3294 3387 3364 civili

601 3408 1024 3479 Guelforum
1079 3407 1386 3478 factione
1444 3406 1683 3477 ablata
1737 3408 2161 3500 rejectaque.
2288 3405 2487 3477 Haec
2554 3406 2841 3497 quidem
2910 3407 3151 3478 omnia
3208 3409 3389 3480 liber

599 3522 908 3593 habebat
979 3521 1138 3594 MS.
1224 3523 1534 3615 eleganti
1601 3529 1674 3592 et
1740 3522 2047 3616 oblongo
2111 3521 2535 3603 charactere,
2602 3544 2747 3614 quo
2813 3521 3149 3593 utebatur
3215 3522 3388 3594 Ale-

601 3639 874 3708 xander
938 3636 1224 3720 DuffuS,
1292 3637 1626 3708 dominus
1695 3635 2112 3708 Tillisaulae
2175 3657 2397 3727 prope
2464 3635 3045 3730 Strathbolgiam,
3129 3648 3215 3709 ut
3278 3661 3389 3709 re-

599 3751 743 3824 fert
821 3752 1454 3822 excellentissimus
1537 3751 1936 3822 Gulielmus
2018 3749 2455 3843 Douglasius
2540 3773 2771 3820 comes
2854 3749 3226 3845 Augusiae
3310 3754 3385 3821 in

603 3868 756 3938 suis
815 3866 1433 3938 observationibus
1486 3868 1564 3935 in
1616 3867 1852 3957 prima
1901 3865 2359 3960 relegatione,
2414 3887 2597 3956 quae
2646 3866 3040 3936 etiamnum
3090 3877 3386 3939 extant:

601 4003 764 4052 cum
823 3990 1064 4052 autem
1119 3979 1522 4052 Gulielmus
1579 3982 1738 4074 ejus
1787 3980 2000 4065 filius,
2055 3980 2180 4072 qui
2240 3980 2452 4050 hodie
2503 4003 2735 4051 comes
2795 3990 2904 4051 est
2952 3983 3163 4077 longe
3215 3985 3389 4073 piis-

601 4097 827 4168 simus
895 4117 978 4166 ac
1040 4097 1602 4187 potentissimus,
1673 4095 2168 4166 Alexandrum
2241 4093 2538 4187 Hayum
2614 4104 2908 4180 orasset,
2990 4108 3389 4169 senatorem

599 4211 905 4306 regium,
941 4233 1023 4280 ac
1055 4212 1336 4282 scriniis
1378 4210 1840 4301 praefectum,
1889 4211 2102 4281 vellet
2153 4209 2245 4280 ab
2288 4211 2517 4280 amico
2564 4232 2697 4280 suo
2745 4210 2967 4281 Duffo
3016 4213 3173 4306 ejus
3224 4213 3389 4284 libri

602 4327 879 4418 copiam
913 4327 1264 4417 tantisper
1303 4339 1566 4416 petere,
1619 4327 1963 4417 comperit
2011 4346 2199 4406 eum,
2248 4346 2412 4394 cum
2460 4327 2631 4396 totis
2678 4327 2992 4411 aedibus,
3040 4329 3390 4399 subitario

599 4443 768 4536 igne
815 4449 1339 4531 consumptum,
1391 4449 1477 4511 ut
1523 4442 1800 4512 iteratis
1849 4439 2419 4511 excellentissimi
2469 4440 2785 4534 ejusdem
2834 4443 3113 4513 comitis
3156 4445 3387 4512 literis

601 4557 841 4626 didici.
941 4552 1064 4623 Ex
1095 4556 1230 4624 hoc
1263 4555 1510 4647 liquet,
1557 4577 1774 4648 quam
1819 4577 2077 4646 parum
2129 4559 2457 4627 consulto
2504 4555 2554 4624 J
2555 4579 2819 4628 oannes
2872 4556 3211 4628 Leslaeus
3261 4560 3383 4628 lib.

602 4687 746 4740 vn.
809 4668 946 4740 sub
977 4670 1270 4739 initium
1315 4670 1604 4752 scribat,
1649 4671 1836 4739 hanc
1883 4667 2441 4765 Douglasiorum
2490 4667 2837 4743 familiam
2886 4672 3021 4743 sub
3069 4671 3387 4744 Roberto

603 4783 872 4857 Brucio
906 4806 1072 4880 rege
1103 4806 1294 4856 anno
1331 4801 1632 4856 Mcccv.
1668 4795 1922 4856 ortam.
