4384 5817
969 541 1100 604 102
1737 535 2205 610 HISTORIA
2248 533 2999 608 ECCLESIASTICA

973 729 1103 800 dit.
1203 727 1455 802 Scotos
1503 736 1745 802 autem
1791 749 1996 802 sacro
2042 726 2214 800 huic
2260 726 2447 800 bello
2494 725 2909 801 interfuisse
2954 725 3166 800 docui
3215 726 3465 800 multis
3500 729 3597 800 ad
3632 727 3765 798 Hi·

967 845 1266 918 storiam
1331 841 1706 916 Benedicti
1770 839 2076 928 Accolti,
2141 852 2217 915 et
2280 841 2556 916 fatetur
2618 839 3037 936 Torquatus
3120 837 3395 914 'Passus
3476 842 3763 915 heroico

969 969 1296 1054 poemate
1343 958 1466 1032 lib.
1520 975 1668 1032 vn.
1727 979 2029 1031 numero
2089 975 2355 1032 vau.
2414 956 2748 1030 Fulcher.
2808 954 3232 1029 carnotens.
3294 955 3497 1031 Gest.
3558 957 3769 1030 Pere-

966 1079 1237 1172 grinor.
1289 1096 1444 1167 cap.
1497 1091 1574 1146 v.
1623 1073 1748 1146 fin.
1799 1072 2195 1147 Guibertus
2242 1071 2483 1158 abbas,
2532 1073 2858 1146 omnium
2907 1071 3399 1164 ineptissimus
3448 1073 3577 1166 qui
3624 1073 3765 1144 bel·

971 1195 1122 1262 lum
1173 1189 1352 1261 illud
1401 1196 1830 1273 tractarunt,
1878 1189 2004 1262 lib.
2055 1207 2110 1261 1.
2159 1209 2319 1282 cap.
2370 1207 2425 1260 1.
2476 1185 3015 1284 Urspergensis,
3066 1195 3142 1260 et
3196 1185 3617 1284 sigebertus
3676 1189 3769 1259 ad

973 1327 1242 1380 annum
1279 1309 1552 1378 mxcv,
1649 1301 1920 1378 Noster
1948 1313 2195 1380 autem
2226 1303 2643 1378 Bernardus
2676 1301 2869 1375 inter
2900 1299 3293 1374 Godot'redi
3324 1303 3765 1375 consiliarios

970 1420 1394 1514 prudentiae
1449 1428 1524 1494 et
1579 1417 2090 1494 moderationis
2141 1419 2429 1494 laudem
2484 1431 2597 1492 est
2648 1425 3095 1490 consecutum.
3162 1415 3765 1490 Scotichronicon.

973 1535 1276 1628 Scripsit

1271 1649 1394 1724 Ad
1451 1650 1958 1748 suffraganeos
2014 1673 2186 1726 suos
2260 1649 2385 1724 lib.
2447 1669 2501 1722 1.
2560 1647 2779 1722 Sedes
2838 1657 3083 1722 autem
3138 1649 3571 1742 episcopales
3636 1649 3773 1722 sub

1371 1765 1652 1840 Edessa
1697 1776 1871 1840 sunt
1921 1764 2201 1850 Virchi,
2250 1765 2697 1850 Constantia,
2734 1761 3075 1847 Gan-um,
3110 1761 3556 1856 Mariopolis,
3592 1762 3773 1838 Var-

1365 1903 1536 1965 non,
1591 1879 1950 1968 Gedaron,
2003 1881 2325 1968 Ymeria,
2372 1878 2892 1974 Querquentia,
2944 1875 3338 1970 Capsaron,
3374 1889 3449 1952 et
3478 1875 3770 1952 Callini-

1373 2019 1517 2070 eos.

1274 2111 1388 2184 De
1421 2109 1622 2184 Urbe
1657 2109 2112 2184 Hierusalem
2159 2111 2288 2186 lib.
2324 2129 2379 2184 1.
2430 2109 2739 2182 Orditur
2784 2129 2991 2182 suam
3040 2107 3419 2181 historiam
3462 2109 3554 2182 ab
3584 2131 3771 2182 anno

1377 2241 1846 2298 nccecnxx.
1879 2247 1964 2298 ac
1993 2225 2323 2322 perducit
2352 2247 2587 2320 usque
2618 2223 2712 2297 ad
2742 2221 2961 2296 finem
2992 2220 3406 2296 Godofiedi.

1282 2339 1396 2413 De
1421 2337 1628 2413 Bello
1653 2338 1872 2414 Sacro
1895 2340 2022 2416 lib.
2049 2359 2198 2414 vu.
2280 2339 2613 2414 Extant
2589 2359 2669 2412 m
2691 2335 3088 2412 Viennensi
3122 2336 3473 2410 Caesarea
3504 2335 3771 2412 Biblio-

1374 2452 1606 2528 theca.

1081 2570 1366 2644 Floruit
1397 2569 1536 2642 sub
1566 2565 1642 2642 S.
1678 2567 2062 2643 Maleolmo
2093 2568 2239 2643 111.
2272 2568 2515 2646 scotia
2544 2591 2872 2668 egressus
2910 2579 3023 2644 est
3066 2589 3256 2641 anno
3304 2585 3505 2642 xcv·
3550 2591 3775 2662 quan·

986 2687 1082 2758 do
1113 2684 1318 2768 obiit,
1351 2706 1497 2757 non
1529 2683 1986 2778 deprehendi.

1565 2912 2152 3020 WALTERUS
2204 2934 2317 2990 nl:
2368 2914 2926 2990 BALTRODI.
3032 2921 3195 2989 182.

985 3147 1470 3219 WAL'tmws
1499 3147 1590 3220 de
1623 3145 1976 3232 Baltrodi,
2011 3146 2403 3220 monachus
2448 3147 2849 3232 Sconensis,
2892 3147 3203 3242 indeque
3247 3150 3641 3222 transimus
3684 3151 3779 3220 ad

983 3263 1467 3356 episcopatum
1517 3260 2060 3346 Cathmemem,
2109 3263 2229 3335 vir
2274 3261 2622 3336 discretus
2670 3262 2989 3392 consilio,
3040 3273 3115 3336 et
3160 3261 3541 3337 sanctitate
3582 3263 3777 3336 vitae

985 3376 1590 3462 commendabilis,
1619 3377 1909 3470 scripsit

1287 3490 1855 3567 constitutiones
1887 3490 2252 3566 Ecclesiae
2282 3513 2455 3566 suae
2970 3495 3095 3567 lib.
3132 3513 3186 3566 1.

1087 3609 1293 3680 Obiit
1323 3629 1514 3680 anno
1551 3624 1926 3682 Mecutx.
2027 3605 2607 3680 Scotichronicon
2638 3607 2763 3682 lib.
2798 3623 2882 3680 x.
2918 3631 3071 3703 eap.
3108 3625 3381 3681 xxvu.

2015 3835 2463 3911 BRIXIUS.
2566 3841 2731 3912 188.
2828 3903 2840 3908 -

988 4068 1366 4150 Bmxms,
1401 4089 1444 4140 a
1477 4067 1742 4142 teneris
1770 4069 1984 4142 annis
2017 4067 2243 4140 vitam
2278 4069 2747 4143 monasticam
2776 4071 3175 4162 amplexus,
3212 4087 3373 4142 cum
3420 4075 3653 4144 aetate
3698 4069 3775 4138 in

989 4183 1408 4256 divinarum·
1431 4181 1804 4255 literarum
1835 4183 2096 4256 notitia
2127 4180 2427 4257 mirifice
2466 4185 2719 4268 crevit,
2762 4193 2839 4258 et
2880 4185 3089 4258 annis
3118 4185 3295 4258 satis
3330 4182 3777 4280 juvenililms

986 4299 1188 4390 prior
1217 4297 1512 4372 celebris
1543 4295 1864 4371 coenobii
1895 4297 1986 4370 de
2015 4297 2469 4396 Leomohago
2501 4299 2979 4373 renunciatus.
3076 4298 3264 4373 Cum
3310 4297 3603 4372 obiisset
3644 4295 3777 4370 Ri-
3820 4333 3827 4340 ·

988 4413 1301 4486 chardus
1341 4411 1714 4486 Mol-aviae
1745 4412 2140 4509 episcopus,
2173 4413 2283 4486 illi
2316 4414 2675 4488 successit.
2756 4413 3389 4490 Scotichronichon
3430 4411 3553 4485 lib.
3592 4427 3773 4484 vm.

987 4551 1140 4622 cap.
1179 4544 1411 4602 wa.
1509 4527 1812 4624 Scripsit

1281 4643 1514 4737 Super
1544 4642 1950 4720 Sententiae
2958 4643 3083 4718 lib.
3122 4661 3233 4716 ιν.
