4384 5817
1376 504 1735 575 GENTIS
1782 503 2346 589 scoTORUM,
2393 503 2577 574 LIB.
2633 504 2749 573 vl.
3329 507 3456 576 291

1617 814 2213 889 FERGUSIUS.
2314 820 2486 890 531.

658 1054 1155 1138 FERGUSIUS,
1190 1051 1507 1126 Illustris
1540 1060 2035 1147 cognomento,
2070 1052 2526 1147 Ferquhardi
2578 1050 2974 1125 Hiberniae
3015 1054 3208 1151 regis
3241 1052 3458 1136 filius,

652 1171 997 1243 fundator
1031 1168 1351 1243 Scoticae
1383 1166 1860 1253 monarchiae,
1894 1192 1986 1240 ex
2022 1168 2379 1241 Hibernia
2409 1170 2489 1241 in
2520 1168 2908 1243 Albionem
2951 1170 3239 1266 trajecit
3287 1192 3454 1242 cum

651 1288 876 1380 copiis
906 1285 1348 1383 ingentibus,
1396 1284 1769 1378 pulsisque
1817 1294 1947 1357 aut
1990 1286 2070 1356 in
2118 1284 2336 1357 fidem
2383 1286 2691 1380 acceptis
2739 1285 3101 1383 indigenis
3149 1306 3458 1383 regnum

652 1403 1029 1489 stabilivit,
1080 1403 1410 1475 omnium
1460 1401 1687 1474 totius
1720 1398 2063 1493 Europae
2108 1401 2722 1497 antiquissimum,
2770 1402 3324 1487 nobilissimum,
3347 1431 3354 1437 ·
3378 1403 3458 1472 in

649 1544 795 1616 quo
828 1542 975 1593 non
1007 1521 1416 1612 interrupto
1450 1518 1703 1591 ordine
1744 1518 2087 1590 sederunt
2134 1518 2218 1589 in
2264 1519 2460 1591 hunc
2509 1520 2702 1592 diem
2753 1536 2986 1591 cvnl.
3038 1540 3266 1615 reges,
3312 1540 3459 1611 qua

650 1638 1115 1723 successione,
1178 1638 1243 1709 si
1304 1636 1375 1709 S.
1420 1635 1626 1709 Petri
1688 1636 2179 1727 apostolorum
2227 1636 2576 1729 principis
2633 1657 3074 1709 successores
3135 1656 3460 1729 seponas,

650 1756 891 1827 nullae
934 1752 1602 1850 magnificentiores.
1708 1750 1855 1822 Hic
1900 1748 2189 1823 Coilum
2233 1751 2628 1825 Britonum
2659 1776 2908 1849 regem
2939 1753 3126 1827 bello
3170 1774 3464 1847 supera-

648 1880 809 1943 tum
839 1870 1127 1942 necavit
1158 1870 1239 1942 in
1268 1871 1425 1943 loco
1458 1868 1576 1940 cui
1608 1867 1881 1961 posteri
1915 1865 2117 1940 Koili
2151 1889 2418 1941 nomen
2449 1868 2797 1953 fecerunt,
2831 1871 3213 1942 vernacule
3247 1864 3461 1963 Kya-

648 1994 829 2071 tum,
863 2008 1011 2079 quo
1040 1984 1333 2057 firmum
1366 1994 1579 2069 esset,
1612 1991 1687 2055 et
1718 1984 2244 2057 successoribus
2279 1986 2604 2057 validum
2635 1985 3047 2079 imperium,
3083 1985 3314 2061 edidit

949 2102 1185 2198 Leges
1218 2100 1567 2175 Politicas
2445 2101 2572 2175 lib.

747 2219 1117 2317 Regnavit
1157 2218 1369 2291 annis
1413 2235 1617 2291 xxv.
1720 2216 1953 2290 Periit
2000 2217 2382 2315 naufragio
2431 2220 2512 2291 in
2563 2218 2852 2292 Oceano
2899 2216 3453 2304 Deucaledonio,

650 2340 943 2431 scopulo
972 2336 1265 2409 nomine
1296 2358 1343 2407 a
1374 2357 1547 2408 casu
1577 2334 1705 2407 illo
1736 2334 2101 2427 imposito,
2148 2337 2372 2432 vulgo
2411 2331 2922 2431 Cragfergus,
2964 2337 3171 2431 quasi
3207 2358 3462 2431 seopu-

650 2461 802 2529 lum
854 2457 1050 2529 dicas
1108 2454 1471 2551 Fergusii,
1524 2475 1717 2525 anno
1772 2462 1941 2526 ante
1990 2452 2268 2526 Christi
2315 2453 2692 2527 assertoris
2737 2454 2816 2525 in
2863 2474 3154 2526 carnem
3198 2455 3462 2527 adven-

654 2584 811 2645 tum
848 2589 1248 2645 cccxvnl.
1352 2570 1695 2669 Regnum
1730 2568 2099 2644 Ferithari
2137 2571 2438 2667 reliquit
2467 2568 2704 2656 fiatri,
2745 2570 3022 2664 optimo
3053 2569 3386 2667 principi,
3423 2596 3468 2645 a

652 2690 899 2763 fratris
930 2690 1048 2763 sui
1078 2697 1339 2783 nepote
1372 2688 1681 2783 Ferlego
1714 2688 1969 2760 occiso.

1623 2918 2220 2997 FERGUSIUS.
2325 2926 2495 2997 532.

652 3158 924 3243 Sco'rl,
960 3165 1127 3251 post
1158 3154 1479 3253 Eugenii
1514 3156 1577 3229 Ι.
1612 3155 1807 3253 regis
1838 3156 1920 3228 in
1944 3154 2468 3229 acieexstincti
2505 3178 2774 3244 casum
2811 3173 3044 3234 xuv,
3079 3160 3288 3233 annis
3323 3160 3468 3233 dis-

650 3276 977 3367 palantes
1008 3296 1180 3370 rege
1213 3281 1653 3357 caruerunt3
1706 3294 1891 3365 quos
1924 3272 2005 3343 in
2046 3294 2280 3343 unum
2325 3294 2586 3365 corpus
2631 3274 2922 3369 collegit
2953 3296 3038 3347 ac
3070 3276 3277 3348 varia
3322 3274 3469 3350 for-

652 3401 835 3463 tuna
864 3390 1016 3462 solo
1048 3390 1288 3482 patrio
1323 3388 1725 3485 Fergusius
1759 3386 1863 3459 11.
1898 3409 2029 3461 rex
2060 3388 2464 3461 redonavit.
2553 3388 2898 3462 Interfuit
2931 3390 3052 3463 hic
3096 3414 3264 3463 cum
3317 3395 3470 3464 suis

656 3506 935 3579 Romae
953 3506 1367 3600 direptioni,
1392 3502 1691 3577 Alarico
1718 3502 2126 3578 Gothorum
2146 3506 2304 3603 regi
2329 3506 2760 3592 auxiliatus3
2794 3508 3012 3601 quod,
3033 3516 3320 3601 praeter
3343 3531 3469 3580 an-

653 3626 853 3697 nales
886 3631 1268 3708 nostrates,
1304 3620 1751 3694 Claudianus
1784 3622 2179 3695 cultissime
2214 3623 2567 3716 expressit
2599 3622 2723 3697 lib.
2759 3624 2849 3695 de
2881 3622 3089 3697 Bello
3122 3620 3415 3698 Getico:

1262 3818 1449 3881 Venit
1476 3830 1539 3881 et
1566 3820 1847 3882 extremis
1870 3819 2025 3900 legio
2047 3826 2354 3900 praetenta
2381 3817 2702 3891 Britannis,

1260 3914 1433 3989 Quae
1462 3914 1635 3976 Seoto
1658 3916 1761 3977 dat
1786 3916 1989 3977 fraena
2012 3934 2135 3985 suo,
2161 3914 2430 3995 ferroque
2455 3925 2684 3977 notatas

1268 4009 1527 4090 Perlegit
1554 4012 1851 4072 exanimes
1881 4010 2049 4071 Picto
2072 4010 2360 4074 moriente
2385 4010 2618 4091 figuras.

764 4212 889 4284 Ex
936 4220 1183 4285 tantae
1231 4211 1551 4285 civitatis
1601 4212 1851 4304 spoliis
1900 4234 1983 4283 ac
2031 4212 2321 4304 praeda,
2379 4214 2534 4305 ipse
2586 4214 2772 4287 nihil
2826 4215 3124 4290 domum
3183 4221 3460 4303 retulit,

654 4337 941 4423 praeter
972 4350 1177 4399 arcas
1208 4327 1556 4421 quasdam
1592 4326 1799 4400 libris
1835 4326 2049 4399 MSS.
2083 4328 2357 4420 plenas,
2389 4350 2572 4423 quos
2605 4332 2826 4403 etiam
2864 4354 2998 4405 suo
3033 4356 3212 4408 aevo
3249 4334 3464 4409 Hect.

654 4442 1009 4517 Boethius
1045 4444 1350 4515 viderat.
1456 4442 1603 4516 Hic
1634 4444 1715 4515 in
1750 4444 2160 4516 Moraviam
2195 4445 2499 4531 delatus,
2531 4444 2789 4519 foedus
2817 4426 2986 4523 cum
3012 4449 3259 4534 Pictis,
3288 4474 3468 4545 quos

657 4560 971 4633 Romani
1004 4560 1564 4645 concitaverant,
1599 4562 1900 4655 pepigit,
1952 4560 2187 4653 iisque
2219 4561 2431 4634 sociis
2463 4584 2629 4635 cum
2675 4562 2928 4640 Cassio
2975 4568 3067 4638 ad
3101 4564 3462 4641 Caronam

574 4746 579 4751 .
654 4697 941 4749 amnem
972 4676 1356 4773 pugnavit,
1402 4698 1632 4771 aequo
1676 4676 1940 4762 Marte,
1987 4678 2113 4750 sed
2152 4678 2644 4777 redintegrato
2691 4684 3106 4767 certamine,
3151 4692 3454 4780 uterque

652 4814 781 4865 rex
812 4814 855 4863 a
892 4790 1347 4865 Maximiano
1376 4794 1618 4889 legato
1649 4792 2097 4868 interimitur
2128 4794 2210 4868 in
2242 4795 2414 4869 acie.
2515 4794 2706 4893 Ejus
2743 4806 2918 4872 sunt
