4384 5817
1369 619 1725 692 GENTIS
1772 619 2336 705 scoTORUM‚
2379 621 2564 698 LIB.
2609 623 2772 696 v11.
3339 625 3470 694 317

678 811 1025 905 quamdiu
1068 809 1147 886 iu
1192 809 1669 886 Craufurdiae
1700 811 1995 888 Ericeto
2028 813 2482 900 exercuisset,
2533 815 2780 890 creber
2821 815 2915 892 ad
2963 837 3132 890 eum
3175 837 3466 892 concur-

677 950 800 1000 sus
854 926 1087 1000 omnis
1144 927 1399 1000 aetatis
1448 929 1822 1000 hominum
1882 929 2280 1003 ferventem
2339 931 2880 1004 meditationem
2941 931 3467 1024 interrumpere

679 1045 879 1115 visus
928 1054 1081 1130 est3
1140 1044 1301 1116 ideo
1353 1068 1517 1118 cum
1576 1045 1656 1115 in
1712 1043 2141 1118 Hiberniam
2189 1048 2670 1133 contenderet,
2721 1058 2938 1120 vento
2985 1048 3340 1120 renitente
3389 1047 3470 1118 in
3606 1097 3618 1106 ·

682 1159 1111 1253 Hispaniam
1143 1161 1472 1256 rejectus,
1522 1171 1596 1233 et
1641 1162 1850 1254 quasi
1888 1161 2030 1234 Dei
2076 1165 2452 1236 voluntate
2498 1183 2584 1236 eo
2632 1162 2933 1248 delatuS,
2972 1163 3077 1236 sic
3121 1165 3314 1236 enim
3359 1163 3472 1232 in-

676 1275 1226 1368 terpretabatur,
1294 1278 1388 1350 ad
1457 1277 1899 1370 Carpetanos
1966 1279 2045 1348 in
2110 1277 2634 1351 Tarraconensi
2700 1279 2937 1375 angeli
3001 1281 3286 1352 monitu
3343 1302 3470 1351 vo-

678 1402 901 1476 catus,
944 1392 1259 1484 seipsum
1304 1393 1776 1477 orationibus,
1822 1393 2115 1489 vigiliis,
2164 1395 2468 1488 aliisque
2511 1394 2830 1488 corporis
2872 1394 3470 1468 macerationibus

678 1509 1067 1592 oblectans,
1100 1509 1437 1584 coelestia
1474 1518 1585 1582 est
1630 1522 2021 1582 assecutus.
2118 1508 2356 1584 Extat
2403 1509 2714 1586 officium
2756 1532 3015 1585 novem
3059 1510 3470 1594 lectionum,

674 1647 714 1696 e
746 1623 1011 1717 quibus
1046 1625 1187 1699 ista
1232 1627 1650 1718 desumpsi:
1700 1626 2107 1698 ostenditur
2150 1628 2328 1698 cella
2368 1648 2518 1700 non
2559 1630 2774 1723 longe
2814 1627 2995 1700 urbe
3025 1628 3227 1722 regia
3259 1625 3474 1698 Man-

676 1755 823 1824 tua,
883 1743 1105 1836 vulgo
1158 1741 1525 1828 Madrit03
1581 1751 1657 1816 et
1710 1763 1921 1834 saepe
1973 1742 2312 1816 eremitae
2363 1743 2466 1817 ibi
2527 1741 2742 1828 Sooti,
2795 1750 2883 1818 ut
2929 1743 3182 1816 retulit
3229 1741 3324 1816 R.
3381 1741 3468 1812 P.

676 1856 1071 1940 Pantonus,
1096 1859 1421 1932 sacerdos
1448 1857 1886 1941 catholicus,
1919 1859 2049 1952 qui
2072 1857 2202 1932 diu
2225 1881 2310 1932 eo
2332 1861 2415 1932 in
2445 1881 2672 1956 regno
2701 1877 3048 1946 moratus,
3077 1881 3288 1955 saepe
3313 1881 3472 1934 eam

678 1995 995 2046 eremum
1030 1974 1401 2048 visitabat.
1500 1975 1807 2068 Scripsit

968 2087 1342 2164 Exercitia
1373 2091 1790 2185 spiritualia
2451 2093 2578 2168 nb.
2617 2113 2670 2166 1.
2771 2077 2776 2082 ’

766 2204 972 2277 Obiit
1004 2224 1195 2280 anno
1228 2223 1728 2280 nceccxxm.
1828 2205 2005 2280 Dies
2038 2209 2278 2282 cultus
2310 2209 2625 2283 incertus
2660 2207 2856 2302 apud
2885 2227 3026 2282 me.

1514 2437 1588 2514 S.
1644 2435 2364 2514 GUALAFERUS.
2463 2445 2635 2522 590.

678 2668 753 2742 S.
807 2668 1397 2756 GUALAFERUS,
1449 2671 1810 2746 confessor
1866 2682 1942 2745 et
1996 2671 2395 2767 episcopus,
2453 2675 2592 2749 hoc
2637 2683 2772 2762 est,
2823 2672 3206 2770 episcopali
3253 2675 3473 2749 titulo

673 2807 869 2872 usus,
948 2787 1042 2858 ad
1102 2787 1507 2860 liberiorem
1575 2788 1931 2884 evang-'elii
1995 2791 2622 2881 praedicationem,
2697 2789 2776 2866 S.
2853 2791 3204 2866 Rumoldi
3275 2789 3474 2866 Scoti

674 2925 905 2976 comes
964 2911 1037 2976 et
1094 2903 1515 2994 discipulus,
1570 2925 1739 2976 cum
1796 2927 1879 2976 eo
1950 2927 2041 2976 ex
2104 2907 2346 2998 patria
2412 2907 2492 2980 in
2554 2907 2896 3006 Belgium
2949 2909 3256 3002 appulit,
3323 2929 3476 2980 om-

672 3021 873 3094 nium
930 3021 1283 3105 laborum,
1342 3043 1572 3115 usque
1632 3025 1723 3094 ad
1783 3023 2239 3116 martyrium,
2297 3023 2677 3117 particeps.
2794 3023 2845 3096 J
2845 3047 3110 3100 oannes
3161 3023 3474 3098 Domine

676 3138 753 3208 in
788 3137 965 3210 Vita
998 3139 1195 3208 illius
1228 3139 1482 3209 sancti.
1570 3137 1725 3210 Nec
1766 3141 1978 3232 plura
2020 3140 2111 3210 de
2158 3161 2245 3212 eo
2283 3141 2466 3211 mihi
2509 3150 2892 3235 comperta.
2969 3142 3268 3214 Scotum
3305 3164 3474 3214 eum

676 3252 920 3336 fuisse,
954 3262 1041 3326 ut
1076 3263 1151 3325 et
1182 3254 1637 3348 magistrum,
1690 3264 1975 3346 praeter
2022 3278 2108 3328 ea
2154 3277 2340 3348 quae
2385 3255 2513 3329 lib.
2551 3275 2726 3328 ΧΠ.
2770 3256 2964 3330 infra
3005 3257 3248 3342 habes,
3293 3257 3476 3332 adde

675 3369 795 3438 hic
852 3369 1089 3440 locum
1148 3367 1462 3442 Arnoldi
1524 3369 1925 3441 Mirmanni
1985 3369 2305 3442 Theatro
2353 3371 2860 3448 conversionis
2911 3372 3258 3446 Gentium
3305 3396 3472 3472 pag.

673 3502 861 3556 1111.
888 3484 1015 3557 ubi
1050 3486 1321 3570 scribit,
1362 3493 1408 3528 “
1442 3485 1808 3558 Rumoldo
1842 3496 2115 3570 autore,
2151 3484 2459 3559 Davidis
2493 3487 2774 3562 Scotiae
2803 3491 2996 3586 regis
3027 3489 3198 3575 filio,
3223 3489 3476 3564 Mach-

673 3601 1007 3674 linienses
1042 3601 1350 3674 insertos
1383 3599 1681 3674 Christo
1705 3604 1770 3674 :”
1816 3612 1891 3675 et
1933 3601 2055 3691 hic
2100 3599 2350 3675 David
2392 3627 2540 3677 non
2583 3627 2713 3677 rex
2745 3605 3046 3694 Scotiae,
3093 3609 3221 3680 sed
3251 3607 3477 3682 frater

677 3717 867 3811 regis
916 3716 1224 3802 Ethfmi,
1275 3727 1361 3789 ut
1410 3718 1490 3788 in
1538 3715 2023 3800 Veremundo,
2073 3729 2147 3790 et
2199 3728 2432 3792 aetate
2480 3722 2607 3793 illa
2655 3744 2900 3794 omnes
2941 3725 3186 3819 regiae
3227 3727 3475 3820 stirpis

673 3853 875 3926 reges
908 3832 1167 3914 vocati,
1198 3840 1286 3903 ut
1318 3833 1443 3904 lib.
1482 3849 1572 3904 11.
1612 3832 1967 3926 Apparat.
2006 3832 2202 3906 Scot.
2239 3857 2396 3928 cap.
2433 3855 2488 3908 1.
2523 3847 2935 3911 ostensum:
2984 3841 3164 3912 adde
3197 3843 3478 3938 elegan-

674 3957 819 4018 tem
866 3947 1102 4019 locum
1144 3945 1413 4043 Rogeri
1466 3947 1845 4020 Hovedeni
1898 3962 2089 4041 part.
2132 3969 2222 4022 11.
2273 3950 2542 4024 Annal.
2589 3977 2756 4050 pag.
2791 3973 3199 4029 ccccxxv.
3245 3966 3319 4029 et
3360 3980 3473 4030 res

675 4064 867 4134 clara
898 4074 1032 4135 est.

774 4177 1058 4251 Claruit
1090 4202 1281 4251 anno
1317 4197 1783 4251 DchXXIX.
1882 4181 2059 4254 Dies
2093 4183 2433 4258 incertus.

1456 4413 1531 4482 S.
1584 4411 2426 4488 GRUNDIBERTUS.
2529 4421 2699 4497 ⁵91.

678 4639 755 4713 S.
790 4638 1455 4714 Gmmmnnnrus
1490 4641 1770 4728 Scotus,
1806 4644 2205 4738 episcopus,
2255 4650 2679 4746 peregrinus
2727 4651 2806 4722 in
2856 4650 3092 4724 Gallia
3139 4655 3478 4748 martyri-

676 4780 806 4831 um
846 4757 1397 4842 consummavit,
1441 4768 1517 4830 et
1561 4760 1958 4851 pretiosum
2004 4785 2260 4856 corpus
2310 4764 2614 4838 Rhemis
2662 4765 3080 4855 honoratur,
3131 4778 3215 4841 ut
3263 4769 3476 4842 habet

676 4872 981 4945 historia
1012 4873 1453 4960 monastica3
1508 4884 1746 4948 cetera
1779 4878 1971 4970 apud
2004 4900 2120 4951 me
2151 4881 2440 4972 penitus
2471 4880 2746 4977 ignota.
