4384 5817
1219 547 1576 618 GENTIS
1623 547 2182 628 SCOTORUM‚
2204 543 2209 550 ’
2232 549 2413 617 LIB.
2461 550 2591 617 111.
3172 553 3299 623 169

504 741 1022 816 Constantinus
1047 739 1166 812 hic
1197 750 1444 812 noster
1474 738 1890 818 censendus,
1924 739 2130 834 cujus
2165 741 2521 836 gloriosae
2566 741 2910 834 reliquiae
2957 741 3295 813 Coloniae

505 861 814 931 claustro
863 855 1028 928 RR.
1078 854 1226 926 ΡΡ.
1272 853 2000 949 Augustinianorum‚
2051 867 2134 926 ut
2179 856 2396 927 habet
2445 857 2893 948 Cratepolius
2945 855 3071 927 SS.
3120 855 3299 929 Ger·

501 995 691 1044 man.
716 996 884 1068 pag.
916 989 1124 1041 XLII.
1203 970 1586 1062 Scripsisse
1613 969 1841 1039 videri
1870 979 2106 1060 potest
2137 972 2433 1064 aliquid,
2464 973 2590 1042 sed
2620 994 2711 1043 ne
2738 974 2973 1064 apices
3006 974 3298 1065 quidem

505 1097 912 1179 supersunt.
1017 1085 1286 1157 Passus
1321 1095 1432 1156 est
1465 1107 1654 1156 anno
1687 1100 1966 1156 cnmv,
2071 1084 2357 1158 Colitur
2389 1103 2567 1156 xxl.
2607 1087 2898 1160 Octobr.

1397 1281 1626 1354 GUL.
1681 1280 2152 1360 cAnnms,
2256 1285 2471 1393 291.-

503 1434 1006 1506 GULlssLMUS
1040 1433 1360 1517 Canius,
1399 1455 1526 1504 seu
1561 1431 1815 1514 Carus,
1850 1433 2073 1505 nobili
2107 1433 2186 1504 in
2222 1431 2462 1503 Scotia
2494 1431 2717 1523 stirpe
2750 1433 3123 1518 oriundus,
3168 1437 3296 1506 diu

506 1550 1026 1645 peregrinatus,
1062 1549 1298 1621 Roma
1331 1550 1562 1620 redux
1595 1549 1675 1618 in
1718 1547 1992 1642 Anglia
2036 1548 2555 1640 aliquantisper
2598 1547 2946 1631 substitit,
2992 1549 3119 1619 ubi
3164 1552 3300 1620 mi-

504 1676 734 1738 sertus
767 1665 964 1738 illius
997 1667 1244 1760 populi
1279 1687 1325 1736 a
1367 1664 1598 1736 Danis
1640 1662 2046 1734 infidelibus
2093 1665 2271 1734 adeo
2319 1665 2577 1734 misere
2622 1665 2964 1755 oppressi,
3010 1666 3300 1756 scripsit

501 1781 871 1875 quaedam,
905 1803 1090 1872 quae
1122 1792 1371 1873 postea
1402 1780 1480 1851 in
1513 1780 1710 1850 illius
1743 1778 2122 1872 gentilium
2159 1799 2417 1848 manus
2450 1799 2613 1850 cum
2658 1779 3135 1864 devenissent,
3181 1803 3299 1873 pe-

501 1898 800 1980 rierunt,
833 1905 920 1966 ut
953 1918 1044 1970 ex
1079 1895 1307 1968 Foxio
1341 1895 1696 1966 haeretico
1731 1892 2124 1965 Parsonius
2156 1893 2441 1965 Jesuita
2472 1895 2786 1967 ostendit
2818 1895 3103 1968 alicubi.

799 2009 1129 2082 Historia
1161 2009 1470 2083 Cal-iana
2288 2009 2411 2080 lib.
2450 2029 2503 2080 1.

598 2127 800 2201 Haec
832 2128 1138 2200 historia
1171 2127 1440 2218 scripta
1474 2126 1764 2198 videtur
1795 2147 1986 2198 anno
2019 2142 2423 2197 Dccccxr..

1261 2323 1504 2396 THO.
1558 2322 2197 2395 CONFERENU
2195 2321 2271 2394 S.
2374 2331 2543 2404 292.

503 2474 860 2546 THOMAS
905 2473 1374 2560 Conferenus,
1439 2474 1822 2546 canonicus
1881 2475 2237 2566 regularis
2296 2472 2881 2568 Augustinianus
2930 2479 3011 2548 in
3056 2480 3297 2550 insula

499 2590 702 2662 Maia
731 2589 1118 2683 professus,
1153 2591 1270 2662 vir
1303 2613 1568 2686 magna
1599 2590 1972 2661 nobilitate
1997 2588 2240 2670 seculi,
2265 2610 2395 2659 nec
2416 2591 2693 2662 minore
2726 2594 2805 2663 in
2828 2593 3059 2666 literis
3086 2597 3297 2668 meri-

499 2713 596 2790 to,
632 2707 1148 2778 clatrissimum
1182 2708 1342 2778 aevi
1379 2707 1492 2776 sui
1512 2706 1754 2800 jubar,
1779 2704 2006 2775 frater
2030 2702 2399 2795 Rudolphi
2424 2705 2618 2776 illius
2646 2706 3049 2796 Confereni,
3081 2735 3299 2806 quem

497 2819 890 2892 Eduardus
925 2820 984 2892 Ι.
1021 2820 1335 2916 Angliae
1369 2843 1498 2892 rex
1532 2843 1694 2890 cum
1730 2836 2110 2891 numeroso
2145 2821 2467 2891 exercitu
2512 2833 2763 2895 contra
2805 2825 3119 2898 Scotiam
3164 2829 3299 2898 mi-

502 2943 721 3017 serat,
755 2943 840 3006 ut
877 2944 1125 3005 narrat
1161 2935 1564 3029 Polydorus
1597 2933 1951 3030 Virgilius
2001 2935 2126 3007 lib.
2174 2953 2385 3007 xvn.
2440 2936 2641 3010 Hist.
2684 2939 2905 3035 Angl.
2944 2943 3069 3013 sed
3104 2943 3301 3014 Tho-

499 3073 678 3134 mas,
712 3051 990 3141 patriae
1023 3072 1295 3134 amanS,
1333 3051 1560 3123 suasit
1603 3073 1813 3142 saepe
1857 3051 2068 3122 fratri
2115 3074 2207 3122 ne
2252 3051 2536 3124 infestis
2572 3056 2793 3126 armis
2826 3058 3137 3147 patriam
3171 3083 3294 3152 pa-

497 3174 878 3256 rentesque
928 3164 1327 3256 impeteret.
1424 3165 1680 3258 Itaque
1731 3167 1934 3238 varia
1983 3167 2387 3238 eruditione
2435 3169 2741 3264 insignis
2776 3173 3063 3264 scripsit
3101 3175 3293 3260 haec,

499 3303 808 3372 quorum
843 3303 934 3351 ex
968 3280 1213 3352 Indice
1247 3282 1546 3354 Maiano
1578 3283 2159 3354 nomenclatura:

794 3394 1035 3487 Epist.
1072 3397 1162 3466 ad
1197 3397 1666 3490 Rudolphum
1701 3398 2036 3470 Fratrem
2075 3399 2201 3470 lib.
2241 3419 2291 3470 1.
2344 3399 2616 3472 Contra
2646 3401 3053 3475 Bachonem
3086 3407 3209 3478 lib.
3239 3426 3291 3476 1.

790 3511 902 3582 De
937 3511 1476 3586 Mathematicis
2082 3514 2207 3586 lib.
2247 3533 2299 3586 1.
2353 3516 2615 3608 Optica
3084 3523 3208 3595 lib.
3241 3543 3291 3593 1.

593 3626 908 3701 Vivebat
941 3652 1132 3700 anno
1168 3647 1537 3702 MCCCXX.
1609 3631 1683 3701 N
1685 3653 1778 3701 on
1813 3629 1956 3702 fuit
1989 3653 2152 3700 cum
2187 3632 2349 3702 aliis
2384 3633 2561 3704 viris
2586 3634 2815 3706 doctis
2843 3633 3083 3707 Scotia
3106 3639 3295 3708 able-

497 3754 712 3839 gatus
745 3743 838 3814 ab
869 3742 1218 3816 Eduardo
1235 3735 1582 3837 tyranno,
1620 3747 1793 3837 quia
1823 3755 1984 3816 tum
2017 3746 2136 3815 ille
2171 3745 2447 3819 Romae
2479 3756 2656 3831 erat,
2702 3750 2993 3844 negotia
3024 3753 3295 3824 ordinis

497 3861 612 3932 sui
646 3880 1062 3951 procurans,
1101 3869 1174 3932 et
1207 3883 1368 3932 sero
1399 3862 1692 3932 domum
1727 3862 1963 3933 rediit.

1394 4059 1624 4131 ROB.
1678 4058 2117 4132 CALDER.
2224 4067 2391 4141 293.

503 4205 950 4278 ROBERTUS
985 4206 1247 4279 Calder
1281 4208 1556 4292 Scotus,
1593 4232 1782 4280 unus
1830 4233 1870 4280 e
1915 4210 2379 4282 nobilissimis
2424 4214 2823 4286 academiae
2873 4216 3295 4290 Parisiensis

499 4320 930 4404 doctoribus,
965 4331 1200 4394 rector
1232 4336 1386 4396 erat
1419 4347 1580 4396 cum
1618 4327 1872 4420 ingens
1923 4348 2008 4395 ea
2057 4330 2543 4400 controversia
2590 4331 2782 4402 inter
2827 4333 3180 4404 scholares
3222 4346 3295 4406 et

498 4435 690 4505 cives
741 4437 998 4508 accidit
1047 4447 1366 4530 tempore
1416 4440 1738 4532 Philippi
1785 4443 1977 4536 regis
2029 4442 2307 4529 Primi;
2360 4448 2609 4541 itaque
2656 4472 2945 4522 causam
2995 4474 3293 4524 suorum

498 4549 837 4642 gnaviter
873 4552 1208 4644 suscepit,
1243 4555 1554 4626 scribens

800 4665 912 4736 De
946 4667 1184 4740 Causa
1215 4667 1664 4742 Scholarium
1699 4673 1788 4744 ad
1825 4673 2100 4770 Regem
2137 4675 2559 4769 Philippum
2780 4682 2903 4755 lib.
2944 4702 2994 4752 1.

593 4777 910 4853 Vivebat
943 4805 1132 4853 anno
1157 4801 1348 4854 Moe.
1409 4784 1600 4857 Acta
1625 4787 1960 4862 Nationis
1981 4789 2469 4877 Germanicae,
2493 4794 2815 4868 Parisiis.
2880 4797 3123 4893 Hujus
3150 4802 3293 4872 dis-

410 4866 429 4883 ·
497 4893 780 4965 cordiae
811 4898 1141 4968 meminit
1173 4899 1478 4972 historia
1510 4899 1802 4988 Gallica,
1845 4914 1921 4977 et
1961 4908 2257 5000 insuper
2293 4907 2731 4984 Hovedenus
2767 4922 2951 5003 part.
3002 4932 3088 4985 11.
3136 4913 3292 4987 An-

497 5009 770 5082 nalium
805 5033 972 5109 pag.
1009 5031 1413 5088 ecccnvn.

1887 5153 1940 5204 Ζ
