4384 5817
1132 724 1551 801 SIMONIS
1598 718 2133 799 RODERISII
2186 718 2667 797 HARLENI
2718 722 3140 809 BATAVI,

1314 922 1897 981 PHILOSOPHIAE
1928 921 2031 979 ΕΤ
2066 920 2505 977 MEDICINAE
2539 921 2951 979 DOCTORIS.

1082 1206 1235 1271 Non
1266 1203 1473 1271 minus
1502 1217 1772 1293 augusto
1798 1205 1982 1293 genio
2011 1227 2200 1293 quam
2228 1204 2478 1271 nomine
2507 1226 2794 1294 magnus,

1081 1311 1336 1377 Pelleus
1354 1310 1637 1399 juvenis,
1668 1332 1812 1377 cum
1840 1310 2263 1400 bellipotentis
2293 1308 2562 1375 Achillis

1078 1416 1405 1504 Aspiceret
1434 1416 1691 1495 cineres,
1721 1428 1923 1482 totum
1956 1438 2023 1483 se
2050 1415 2219 1482 fudit
2247 1438 2486 1481 amaras

1082 1522 1161 1587 In
1190 1520 1563 1609 lachrymas,
1592 1520 1719 1587 imo
1746 1520 1983 1587 ducens
2009 1520 2124 1587 has
2152 1534 2402 1609 pectore
2430 1542 2652 1589 voees:

1080 1626 1263 1693 Felix
1292 1624 1564 1705 Pelides,
1594 1636 1845 1692 aeterno
1874 1626 2145 1692 carmine
2174 1647 2440 1713 mugnus

1072 1732 1279 1809 Quem
1308 1730 1498 1811 canit,
1528 1729 1863 1818 Aoniaque
1888 1731 2046 1799 tuba
2075 1730 2246 1797 codo
2271 1744 2500 1818 ”quat
2529 1730 2888 1799 Homerus:

1074 1837 1201 1903 Ast
1226 1858 1367 1924 ego,
1398 1835 1593 1901 totius
1620 1834 1843 1901 mundi
1869 1834 2258 1924 domitorque
2287 1848 2660 1925 tremorque,

1070 1941 1399 2008 Destituor
1426 1940 1619 2028 digno
1646 1939 1906 2007 laudum
1935 1944 2241 2029 praecone
2267 1962 2589 2009 mearum:

1070 2047 1175 2112 Sic
1202 2068 1341 2113 mea
1370 2066 1513 2111 cum
1543 2044 1675 2111 vita
1705 2044 1955 2133 Stygias
1984 2044 2277 2133 migrabit
2305 2047 2388 2113 ad
2415 2047 2638 2125 undas,

1072 2151 1271 2216 Fama
1294 2150 1472 2235 brevi
1500 2171 1851 2239 nomenque
1880 2172 2087 2215 meum
2118 2172 2266 2217 mox
2293 2149 2535 2217 excidet
2569 2174 2744 2231 aevo,

1072 2254 1168 2321 Ut
1196 2255 1309 2345 qui
1336 2255 1662 2322 consenuit
1690 2254 1909 2343 patriis
1936 2254 2238 2343 inglorius
2267 2256 2449 2321 arvis.

1068 2360 1175 2426 Sic
1204 2360 1451 2440 moriar,
1480 2360 1913 2451 reliquumque
1941 2360 2099 2426 nihil
2125 2372 2268 2447 post
2295 2360 2484 2427 busta
2512 2360 2736 2427 tenebo
2749 2365 2782 2424 ἒ

1070 2466 1511 2553 Nequioquam
1540 2487 1830 2553 mugnus,
1861 2464 1953 2533 nil
1980 2464 2320 2532 debellasse
2351 2478 2446 2531 tot
2475 2464 2685 2559 urbes,

1070 2569 1189 2635 Nil
1218 2570 1384 2637 orbis
1412 2570 1573 2637 vasti
1602 2570 1869 2659 populos
1896 2570 2208 2637 fraenasse
2225 2568 2502 2658 juvabit.

1068 2674 1317 2741 Scilicet
1341 2674 1517 2742 haud
1545 2674 1747 2741 minor
1774 2687 1873 2746 est
1898 2672 2100 2741 virtus
2128 2674 2410 2763 quaesita
2440 2674 2602 2741 tueri

1074 2780 1378 2859 Nomina,
1408 2780 1741 2868 praeclaris
1764 2802 1957 2869 quam
1986 2780 2217 2845 famam
2247 2802 2541 2867 quaerere
2568 2779 2765 2846 factis.

1072 2887 1269 2966 Quas,
1300 2884 1696 2974 Dempstere,
1726 2885 1921 2973 igitur
1951 2884 2065 2951 tibi
2096 2884 2332 2950 Martia
2362 2883 2571 2949 Scotia
2599 2899 2828 2972 grateS,

1072 2994 1247 3071 Quas
1275 2991 1541 3059 referent
1568 2990 1828 3057 heroum
1860 2990 2122 3071 animae,
2152 3010 2420 3077 quorum
2449 2988 2686 3077 inclyta
2713 3003 2910 3079 gesta,

1066 3096 1281 3163 Foeda
1310 3108 1475 3163 tecta
1503 3096 1652 3176 situ,
1683 3095 2015 3183 densisque
2044 3094 2292 3181 sepulta
2321 3093 2615 3175 tenebris,

1069 3200 1261 3266 Emis
1288 3200 1355 3265 in
1384 3184 1613 3281 lucem}
1644 3200 1984 3288 meritaque
2012 3201 2095 3267 ad
2122 3198 2324 3265 sidera
2350 3197 2536 3264 laude

1064 3304 1325 3385 Evehis,
1355 3306 1771 3395 historiaeque
1799 3306 1955 3373 tuba
1984 3328 2174 3393 super
2203 3302 2453 3371 aethera
2482 3304 2699 3371 tollis?

1689 3692 1879 3747 vmo
1914 3692 2552 3754 mcoMPAnAmu,

1513 3826 1783 3890 Amco,
1822 3826 1987 3881 unu
2024 3799 2454 3889 QUONDAM!
2491 3826 2726 3889 nAno,

2001 3950 2107 4023 Μ.
2162 3950 2237 4023 S.

1373 4112 1866 4181 JOANNES
1930 4114 2422 4183 RHODIUS
2483 4116 2864 4182 DANUS.

1058 4361 1245 4439 Aras,
1277 4381 1467 4439 arma,
1497 4360 1689 4439 focos,
1719 4360 1911 4447 leges,
1943 4360 2262 4449 sociosque
2290 4362 2630 4441 Quiritum,

1146 4462 1395 4529 Invidia
1422 4463 1699 4529 inscitiae
1728 4466 1897 4530 nube
1926 4467 2177 4551 tegebat
2207 4465 2357 4531 avis.

1053 4568 1249 4635 Alma
1277 4567 1559 4646 Themis,
1590 4568 1825 4654 priscae
1854 4570 2062 4656 stirpis
2092 4592 2350 4651 memor,
2381 4594 2498 4637 axe
2526 4570 2745 4637 Triom

1146 4672 1520 4759 Dempstero
1550 4672 1855 4738 calamum
1886 4673 2308 4763 vindieiasque
2334 4675 2523 4743 dedit.

1063 4776 1182 4843 Ille
1212 4777 1399 4843 deum
1430 4790 1617 4865 atque
1646 4777 1819 4843 urbis
1859 4778 2041 4845 Latio
2069 4802 2352 4847 sermone
2380 4780 2643 4847 nitorem

1144 4881 1451 4949 Restituit
1480 4882 1680 4961 vobi8‚
1712 4880 2126 4971 historiaeque
2154 4885 2361 4952 fidem.

2079 4990 2165 5086 s
