4384 5817
1089 541 1221 608 226
1862 539 2333 612 HISTORIA
2376 537 3130 610 ECCLESIASTICA

1093 747 1214 806 tus
1263 732 1480 804 homo
1527 729 1918 804 Eduardus
1968 730 2028 803 1.
2085 729 2401 828 Angliae
2448 753 2600 816 rex,
2659 731 2955 804 absente
3004 729 3325 804 Roberto
3374 729 3643 804 Brnsio
3690 755 3877 830 rege,

1093 847 1408 920 Scotiam
1443 847 1836 930 invaderet,
1885 869 1992 930 ac,
2037 848 2257 940 quod.
2282 847 2725 940 impietatem
2772 869 3131 920 summam
3181 845 3725 940 barbariemque
3772 873 3889 921 ne-

1092 963 1590 1034 fandissimam
1621 963 1970 1056 loquitur,
2003 985 2209 1035 sacra
2238 962 2563 1056 profanis
2594 963 2949 1047 miseeret,
2984 963 3427 1056 direptisque
3472 963 3887 1036 Melrosien·

1093 1081 1158 1150 si
1189 1089 1262 1150 et
1295 1077 1800 1174 Dryburgensi
1833 1079 2195 1152 coenobiis
2238 1079 2473 1172 ipsam
2520 1078 3029 1150 eucharistiam
3060 1077 3410 1161 violaret3
3460 1099 3609 1170 quo
3654 1089 3890 1152 tantae

1096 1193 1408 1267 feritatis
1445 1192 1760 1266 facinore
1793 1204 2032 1267 motus
2068 1192 2454 1278 Patricius,
2486 1195 2777 1288 scripsit
2808 1202 2883 1266 et
2914 1195 3249 1289 vulgavit

1390 1308 1503 1379 De
1529 1307 1958 1383 Monasterii
1983 1311 2100 1382 sui
2122 1309 2571 1402 Direptione,
2605 1331 2841 1393 versu,
2868 1309 2963 1380 ad
2988 1308 3265 1406 Regem
3298 1318 3515 1402 atque
3548 1307 3889 1382 coenobi·

1491 1447 1700 1496 orum
1735 1425 2015 1510 Patres,
2884 1424 3011 1498 lib.
3048 1443 3105 1498 1.

1197 1541 1538 1614 Florebat
1567 1562 1758 1612 anno
1793 1559 2229 1614 mcccxxx.
2332 1539 2937 1612 Scotichronicon.

1817 1769 2301 1844 MICHAEL
2349 1767 2915 1843 DIRLETON.
3016 1775 3186 1842 418.

1095 2006 1502 2077 Mlcmt.
1537 2002 1960 2076 Dirletonus
1995 2003 2543 2090 Franciscanus,
2578 2011 2655 2078 et
2686 2003 2965 2097 primus
3000 2004 3451 2096 praepositus
3494 2003 3691 2086 illius
3733 2005 3884 2087 loci,

1095 2130 1515 2308 ScnpssltAd
1547 2234 1926 2308 Valterum
1961 2235 2429 2321 Haliburton‚
2460 2236 2977 2321 Fundatorem,
3012 2235 3350 2321 Militem,
3422 2237 3551 2308 lib.
3591 2255 3643 2306 1.

1395 2351 1746 2424 Lecturas
1778 2353 1858 2422 in
1893 2351 2220 2424 Psalmos
3428 2351 3555 2425 lib.
3593 2368 3647 2422 1.

1390 2466 1761 2563 Logicalia
3422 2467 3550 2540 lib.
3588 2484 3639 2536 1.
3666 2463 3885 2560 Egre-

1487 2583 1690 2677 gium
1725 2605 1930 2674 opus,
1965 2583 2070 2654 ait
2103 2581 2617 2656 Scotichronici
2648 2584 3111 2658 continuator
3140 2582 3573 2656 Maculloch.

1194 2696 1404 2770 Vixit
1435 2719 1626 2770 anno
1661 2715 2172 2772 mcccchnr.

1867 2928 2201 3003 DAVID
2249 2927 2851 3004 DUGLASIUS.
2955 2935 3125 3012 419.

1096 3160 1378 3232 DAvm
1431 3160 1852 3258 Duglasius,
1903 3164 2189 3236 comitis
2232 3161 2658 3236 Archibaldi
2704 3164 2997 3260 gentilis
3042 3185 3127 3237 ac
3172 3173 3617 3249 coaetaneus,
3664 3166 3888 3259 primo

1097 3279 1176 3348 in
1211 3275 1466 3352 Galliis
1505 3280 1764 3352 celebri
1799 3283 2091 3353 nomine
2124 3281 2387 3376 viguit.
2489 3279 2681 3375 Ejus
2712 3288 2929 3352 suntz

1399 3391 1514 3466 De
1549 3394 1875 3468 Naturae
1909 3395 2371 3469 Mirabilibus
2967 3395 3093 3468 lib.
3130 3413 3187 3468 1.
3220 3395 3507 3468 Prodiit
3536 3395 3889 3468 Lutetiae.

1392 3507 1738 3582 Defensio
1788 3510 1872 3582 C.
1926 3510 2172 3594 Plinii,
2226 3511 2386 3582 MS.
2439 3512 2633 3604 apud
2684 3512 2985 3584 Petrum
3037 3509 3445 3594 Petavium,
3496 3520 3891 3582 senatorem

1493 3627 1802 3722 regium,
1853 3629 1930 3698 in
1982 3627 2337 3719 superiori
2386 3629 2946 3724 contignatione,
2996 3627 3123 3698 lib.
3178 3644 3231 3698 1.
3290 3648 3437 3720 quo
3486 3647 3701 3718 opere
3756 3645 3893 3696 non

1496 3743 1640 3838 legi
1665 3743 1984 3828 doctius3
2021 3765 2188 3814 eum
2213 3743 2405 3812 enim
2440 3753 2803 3815 auctorem
2838 3766 2884 3814 a
2916 3743 3294 3814 calumniis
3326 3743 3657 3826 aliorum,
3692 3742 3894 3813 colla-

1495 3859 1692 3930 tione
1725 3858 2110 3954 diligenter
2141 3857 2354 3941 facta,
2390 3859 2731 3930 acerrime
2764 3859 3105 3930 vindicat.

1397 3971 1894 4044 Historiarum
1928 3983 2086 4047 toto
2117 3975 2291 4046 orbe
2323 3973 2671 4067 Synopsis
2987 3975 3113 4046 lib.
3152 3993 3205 4046 1.

1394 4086 1743 4159 Poemata
1773 4111 1976 4160 sacra
2986 4090 3111 4160 lib.
3150 4108 3203 4159 1.

1199 4202 1488 4274 Floruit
1521 4225 1714 4274 anno
1751 4221 2068 4274 nnxxt.

1869 4401 1918 4472 J
1922 4399 2343 4472 OANNES
2390 4400 2862 4473 DUMBAR.
2966 4406 3135 4474 420.

1101 4550 1154 4619 J
1157 4565 1496 4622 oANNEa
1545 4549 1878 4622 Dumbar
1925 4546 2471 4622 Gallovidianus
2526 4551 2655 4622 diu
2702 4553 2781 4620 in
2835 4551 3091 4625 Galliis
3144 4555 3493 4638 substitit,
3550 4565 3627 4626 et
3686 4555 3899 4624 bonas

1102 4675 1294 4738 artes
1350 4665 1652 4737 Parisiis
1707 4675 1924 4758 atque
1983 4665 2341 4737 Tholosae
2386 4665 2660 4749 didicit,
2718 4667 3067 4760 Rupellae
3125 4669 3390 4751 docuit,
3448 4669 3899 4741 celeberrima

1103 4782 1322 4866 fama,
1381 4792 1456 4854 et
1512 4791 1724 4878 grata
1779 4782 2271 4854 recordatione
2330 4781 2619 4853 nomine
2687 4785 2826 4855 sibi
2884 4785 3283 4856 conciliato.
3412 4783 3601 4857 Sunt
3666 4786 3759 4854 ab
3822 4807 3901 4854 eo
