4384 5817
1043 583 1172 646 134
1813 577 2278 650 HISTORIA
2304 578 3109 650 ECCLESIASTICA‘

1059 783 1132 842 et
1165 764 1513 854 E'ustasii,
1548 772 1664 842 vir
1697 788 2000 866 magnae
2031 781 2109 842 et
2153 769 2729 862 incomparabilis
2780 767 3241 841 sanctitatis.”
3293 765 3649 840 Trithem.
3708 769 3830 839 lib.

1059 906 1182 957 111.
1218 888 1306 957 de
1331 886 1490 959 Vir.
1527 883 1864 956 illustrib.
1898 884 2154 956 Ordin.
2191 881 2267 956 S.
2301 885 2671 956 Benedicti
2707 905 2859 978 cap.
2899 891 3154 954 Lxx'v.
3190 882 3407 977 Regii
3440 883 3833 979 sanguinis.

1059 999 1234 1070 Vita
1265 999 1340 1071 S.
1375 999 1664 1071 Fiaerii.
1750 999 2016 1071 Uvion.
2051 999 2176 1071 lib.
2214 999 2337 1072 1‘11.
2385 1021 2551 1094 pag.
2592 1015 2843 1070 Dccn.
2928 996 3522 1070 Atrebatensium
3558 1009 3837 1090 aposto-

1032 1117 1176 1184 ·lus
1205 1117 1431 1186 audit.

1145 1229 1435 1301 Clamit
1469 1252 1658 1301 anno
1693 1237 2041 1302 Dcxxlv.
2093 1231 2213 1300 vel
2260 1251 2451 1300 anno
2484 1231 2737 1300 Dcx'L.
2791 1229 3136 1303 Patriam
3148 1231 3217 1324 ei
3252 1159 3567 1302 scotiam
3604 1229 3840 1322 adsig

1047 1354 1173 1418 nat
1225 1341 1670 1418 Chronieum
1725 1335 2275 1416 cameracense.
2328 1343 2499 1414 “In
2558 1346 2715 1417 vico
2755 1343 3137 1418 Albinideo
3178 1353 3288 1416 est
3320 1345 3837 1434 mma‘steninm

1047 1461 1548 1533 canonicorum
1609 1459 1852 1532 Sancti
1915 1459 2253 1544 chiliani,
2302 1459 2432 1552 qui
2486 1457 2743 1532 Scotus
2800 1458 3029 1532 fuisse
3086 1459 3461 1609 traditur?
3542 1457 3841 1618 corrig-e

1057 1569 1390 1646 Chilleni.
1477 1574 1688 1648 Joan.
1725 1571 2913 1672 Molan.1ndic.SS.BeIgii'.'pug
2934 1592 3115 1660 xm.
3290 1595 3355 1606 ··

1787 1730 1932 1876 MS.
1981 1801 2755 1876 CAHINNECHUS.
2858 1807 3029 1878 232.

1049 2033 1124 2104 S.
1161 2034 1800 2119 CAHINNECHUS,
1839 2043 1914 2108 et
1947 2033 2100 2106 vita
2139 2042 2215 2104 et
2249 2034 2685 2106 monasticae
2734 2033 3153 2126 disciplinae
3200 2033 3621 2106 fundatione
3668 2038 3843 2107 cele-

1049 2149 1221 2232 bris,
1257 2150 1652 2220 multorum
1685 2148 2202 2220 monachornm
2234 2158 2463 2240 pater,
2494 2158 2939 2222 memoratur
2970 2149 3063 2220 ab
3080 2147 3511 2220 Adamanno
3534 2147 3745 2222 Sooto
3763 2151 3842 2222 in

1049 2264 1226 2336 Vita
1249 2263 1324 2335 S.
1357 2263 1747 2337 Columbae
1773 2263 1964 2336 Scoti
1999 2264 2122 2335 lib.
2161 2283 2285 2335 111.
2313 2286 2467 2356 cap.
2494 2282 2673 2336 xxl.
2729 2273 2775 2306 ‘⁶
2798 2264 3406 2336 Monasteriorum
3432 2265 3660 2335 sancti
3680 2263 3844 2338 fun.

1045 2381 1332 2454 datores
1364 2380 1453 2450 de
1483 2379 1746 2464 Se'otia,
1779 2401 2090 2472 quorum
2121 2379 2453 2452 illnstria
2466 2379 2833 2463 vocabula,
2863 2379 3273 2475 congellus,
3316 2375 3847 2463 cahinnechus,

1049 2493 1516 2578 Brendenus,
1531 2493 1974 2579 eumaeus,
1949 2497 2038 2540 θ’·
2025 2497 2188 2567 .ne'c
2212 2495 2395 2568 alibi
2427 2494 2516 2565 de
2548 2517 2664 2578 eo,
2682 2495 2879 2587 quod
2914 2495 3158 2579 seiam,
3195 2493 3579 2678 quiequam
3612 2495 3847 2678 legere¹

1050 2631 1164 2680 me
1199 2609 1517 2685 memini.
1607 2607 1925 2700 Scripsit
1955 2631 2130 2681 vero
2247 2641 2265 2674 -.

1349 2723 1708 2821 Regulam
1740 2726 1833 2796 ad
1865 2721 2162 2798 Fratres
2727 2668 2735 2678 ·
2836 2725 2963 2796 lib.
3000 2743 3053 2796 1.

1151 2841 1438 2914 Floruit
1469 2862 1662 2914 anno
1696 2858 1889 2913 mv.
2019 2867 2024 2874 ·

1879 3071 1956 3146 S.
2009 3071 2367 3146 COLUM
2371 3071 2587 3144 BAN
2592 3071 2736 3144 US.
2842 3077 3009 3146 233.

1051 3307 1124 3377 S.
1211 3304 1788 3378 COLUMBANUS
1867 3325 2136 3400 magna
2218 3303 2333 3374 vir
2410 3305 2679 3396 pietate
2742 3303 2965 3377 fuisse
3030 3303 3469 3396 perhibetur,
3537 3305 3627 3376 de
3704 3305 3849 3398 quo

1058 3421 1318 3493 Petrus
1377 3417 1724 3514 catalogo
1777 3419 1902 3491 lib.
1963 3437 2048 3490 x.
2107 3441 2263 3511 cap.
2322 3435 2515 3490 XCV.
2593 3418 3099 3491 calendarium
3166 3417 3241 3490 S.
3304 3417 3683 3492 Benedicti
3757 3420 3849 3490 de

1056 3536 1366 3608 Mantua
1415 3533 1576 3607 MS.
1627 3543 1704 3606 et
1752 3532 1825 3605 S.
1875 3533 2102 3606 Jonas
2151 3533 2371 3606 abbas
2418 3533 2675 3606 Seotus
2732 3535 2815 3604 in
2860 3533 3039 3606 Vita
3086 3531 3160 3605 S.
3215 3533 3643 3607 columbani
3692 3555 3847 3628 eap.

1054 3667 1262 3722 xvn.
1343 3673 1436 3722 ex
1513 3657 1802 3723 vetusto
1875 3649 2223 3741 scriptore
2302 3647 2765 3744 chagnoaldo
2842 3647 3185 3722 Lauduni
3266 3649 3551 3723 clmti
3632 3649 3847 3744 episc.

1055 3775 1100 3810 ‘⁶
1133 3765 1622 3837 columbanus
1655 3773 1810 3837 erat
1841 3763 2195 3859 sangnine
2240 3765 2663 3859 conjunctus
2706 3765 2915 3836 beato
2960 3764 3425 3849 Columbano,
3474 3765 3849 3858 parebant-

1055 3903 1194 3974 que
1225 3881 1332 3952 illi
1367 3882 1585 3952 etiam
1617 3879 1886 3952 bestiae
1935 3887 2008 3950 et
2041 3881 2387 3962 volucres,
2436 3879 2625 3952 sicut
2672 3881 2833 3952 viro
2878 3878 3017 3950 Dei
3066 3879 3535 3964 columbano,
3584 3881 3675 3952 de
3704 3903 3848 3974 quo

1055 3995 1262 4066 nobis
1327 3993 1594 4066 referre
1669 3993 1941 4066 solebat
2015 3991 2523 4088 chagnoaldus
2604 3994 2723 4092 [in
2792 3995 3221 4086 quibusdam
3303 3995 3661 4068 codicibus
3740 4006 3851 4068 est

1058 4105 1504 4202 canoaldus]
1556 4107 1896 4181 Lauduni
1941 4107 2226 4180 Clanati
2256 4107 2605 4200 pontifex,
2654 4111 2782 4203 qui
2834 4110 2991 4204 ejus
3038 4111 3371 4182 minister
3416 4119 3491 4182 et
3540 4110 3850 4202 discipu-

1057 4227 1172 4295 lus
1223 4223 1482 4305 fuerat,
1549 4245 1720 4294 cum
1783 4224 1867 4294 in
1920 4243 2158 4294 eremo
2208 4223 2535 4314 precibus
2582 4233 2659 4296 et
2693 4225 2979 4320 jejunio
3026 4245 3289 4296 vacam
3334 4224 3847 4306 deambularet,

1058 4359 1267 4430 saepe
1301 4359 1488 4422 eum,
1525 4359 1604 4408 se
1635 4337 2096 4430 inspectante,
2137 4335 2325 4410 feras
2367 4339 2637 4412 belluas
2686 4349 2763 4411 et
2804 4361 2973 4412 aves
3020 4341 3447 4424 aceersiisse,
3488 4341 3697 4412 illum
3732 4361 3852 4411 ve-

1059 4477 1142 4526 ro
1203 4453 1466 4524 blanda
1521 4473 1743 4524 manu
1791 4475 1910 4524 eas
1959 4461 2397 4538 attrectasse,
2444 4452 2773 4547 ferasque
2820 4464 2896 4528 et
2942 4476 3111 4527 aves
3160 4455 3341 4526 mire
3390 4455 3851 4530 laetabundae

1061 4577 1134 4641 et
1166 4567 1622 4651 ludibundae,
1670 4579 1758 4640 ut
1791 4571 2019 4642 solent
2051 4571 2271 4640 catuli
2316 4591 2557 4641 eoram
2606 4571 2915 4642 dominis
2964 4571 3139 4656 suis,
3188 4573 3591 4656 exultasse3
3642 4591 3853 4663 saepe

1060 4685 1276 4756 etiam
1311 4683 1516 4756 illum
1550 4683 1642 4756 ab
1674 4685 2042 4758 altissimis
2075 4684 2449 4756 arboribus
2482 4708 2808 4758 evocasse
2840 4687 3143 4770 sciuros,
3182 4687 3515 4760 manibus
3558 4707 3683 4759 eos
3728 4707 3853 4778 ap-

1060 4799 1542 4892 prehendisse,
1561 4801 1742 4872 collo
1765 4823 1898 4874 suo
1923 4801 2367 4894 imposuisse,
2394 4810 2609 4894 atque
2630 4804 2793 4878 illos
2814 4802 2891 4873 in
2905 4803 3150 4874 sinum
3174 4801 3333 4896 ejus
3352 4813 3429 4874 et
3452 4805 3757 4888 intrasse
3780 4810 3853 4872 et
