4384 5817
2408 503 2559 589 xiv

1093 716 1506 827 parietina
1541 712 1824 803 arcula
1861 712 2223 829 protulit
2256 716 2561 831 panem
2598 718 3067 811 secundum
3112 730 3207 803 et
3254 744 3503 831 cepe:
3572 731 3595 769 ‘
3634 718 3912 805 Haec

1093 852 1340 946 sunt,’
1380 847 1519 947 ait,
1559 860 1582 897 6
1615 846 1934 933 fercula
1970 848 2280 959 quibus
2318 859 2429 948 te,
2466 860 2555 932 et
2592 850 2881 931 carum
2918 858 3009 931 et
3058 858 3427 933 veterem
3480 849 3903 947 amicum,

1093 976 1454 1089 accipi03
1515 1006 1688 1061 non
1725 978 1928 1089 quia
1961 988 2062 1061 tu
2101 976 2267 1061 alia
2302 1004 2474 1061 non
2510 977 2929 1077 mereariS,
2962 976 3111 1061 sed
3138 1004 3295 1087 ego
3318 975 3671 1063 meliora
3700 1006 3899 1061 non

1093 1104 1378 1188 habe0.
1495 1106 1658 1192 His
1695 1134 1852 1217 ego
1889 1104 2188 1191 multis
2220 1108 2399 1219 jam
2436 1105 2679 1190 annis
2726 1106 2949 1191 vitae
2994 1103 3391 1216 reliquias
3446 1104 3904 1217 protraho,

1093 1246 1181 1316 et
1245 1248 1447 1318 sunt
1501 1263 1700 1319 sane
1761 1234 2138 1320 dulciora
2191 1262 2449 1347 quam
2498 1248 2989 1347 magnatum
3038 1262 3380 1321 mensae
3436 1236 3905 1347 parasitica

1093 1374 1273 1447 arte
1302 1362 1840 1448 conciliatae?
1943 1364 2146 1449 Post
2180 1364 2389 1449 haec
2424 1365 2813 1464 surrexit,
2850 1382 2940 1449 et
2973 1392 3293 1475 aquam.
3321 1362 3565 1447 fictili
3593 1388 3899 1451 exem-

1091 1478 1348 1601 ptam,
1408 1490 1713 1603 poculo
1771 1492 2056 1605 fagino
2109 1494 2635 1605 propinavitz
2702 1520 2875 1577 non
2926 1492 3197 1577 refero
3248 1491 3595 1603 reliqna,
3652 1522 3897 1605 quae

1095 1608 1241 1701 ille
1279 1621 1492 1703 mira
1527 1619 1814 1705 vultus
1855 1622 2267 1735 gravitate
2300 1620 2683 1735 protulit,
2720 1634 2808 1707 et
2858 1650 3013 1733 ego
3056 1622 3439 1707 intentus
3476 1650 3649 1708 non
3686 1622 3897 1707 sine

1094 1746 1481 1859 lacrymis
1517 1752 1828 1863 excepi.
1945 1751 2116 1843 Qui
2151 1750 2361 1863 legit
2410 1751 2637 1851 haec,
2686 1750 3121 1835 clarissimi
3176 1750 3337 1833 viri
3384 1751 3891 1835 memoriam

1091 1904 1422 1960 mecum
1460 1877 1928 1979 honorabit,
1967 1892 2058 1965 et
2093 1892 2514 1993 quantum
2550 1879 2985 1991 iniquitati
3024 1892 3501 1991 temporum
3558 1881 3651 1963 in
3706 1881 3893 1963 vir-
3986 1884 3993 1891 ’

1093 1994 1367 2091 tutem
1419 2006 1688 2109 liceat,
1749 2038 2032 2093 secum
2087 2000 2577 2122 perpendet,
2634 2022 2727 2093 et
2782 2008 3071 2093 mirari
3132 2010 3463 2093 desinet
3514 2010 3895 2095 somatis

1089 2136 1704 2247 parsimoniam,
1759 2149 1912 2223 aut
1963 2138 2317 2252 Epicuri
2364 2139 2985 2225 abstinentiam.
3102 2138 3511 2223 Pecuniae
3539 2138 3891 2251 aliquot

1089 2270 1368 2351 mutui
1431 2271 1774 2353 nomine
1834 2270 2208 2381 accipere
2274 2269 2707 2396 recusavit,
2762 2268 2997 2380 quod
3052 2295 3144 2351 se
3200 2265 3601 2353 solvendo
3652 2298 3889 2353 nun-

1091 2421 1347 2505 quam
1385 2396 1776 2480 futurum
1825 2424 2024 2507 prae
2071 2382 2465 2481 fortunae
2510 2397 2965 2481 acerbitate
3020 2394 3583 2506 intelligeret3
3645 2398 3889 2483 dono

1093 2539 1380 2607 tamen
1439 2516 1762 2637 aliquas
1823 2526 1980 2610 sibi
2037 2526 2381 2610 concedi
2435 2552 2724 2639 passus
2788 2532 2986 2611 est?
3104 2525 3343 2611 Tom.
3404 2526 3489 2615 ii
3544 2552 3632 2639 p.
3678 2530 3881 2611 365.

1095 2650 1548 2757 Nimirum,
1585 2654 1791 2739 haec
1829 2656 1978 2783 qui
2018 2654 2249 2767 legit,
2285 2654 2850 2741 honestissimi
2883 2653 3045 2737 viri
3072 2655 3559 2741 memoriam
3586 2668 3879 2741 tecum

1089 2782 1556 2867 honorabit.
1675 2784 1841 2869 Pro
1877 2786 1952 2869 J
1943 2810 2240 2870 oannes
2274 2782 2729 2895 legendum
2784 2810 3081 2873 censeo
3136 2783 3877 2871 Jacobus.1nter

1091 2915 1274 3025 ejus
1323 2940 1575 3045 opera
1623 2924 2001 2999 recenset
2039 2915 2688 3025 Dempsterus“
2726 2910 3357 3025 Epigrammata
3392 2912 3877 2999 acutissima

1090 3034 1350 3124 libris
1363 3042 1636 3125 tribus
1670 3075 1692 3139 3
1695 3049 1742 3081 '⁹
1799 3051 1890 3127 et
1927 3042 1982 3125 J
1984 3043 2217 3126 acobi
2258 3041 2815 3141 Hacarstonii,
2851 3040 3175 3126 tribuni
3210 3038 3607 3141 militum,
3662 3042 3874 3155 Epi-f

1091 3183 1572 3283 grammata,
1611 3198 1878 3285 pauca
1913 3171 2261 3283 quidem
2298 3169 2465 3270 illa,
2526 3182 2821 3254 extant
2876 3170 3101 3255 inter
3154 3166 3518 3253 Delitias
3575 3171 3877 3255 Poeta-

1091 3325 1281 3383 rum
1319 3300 1779 3400 Scotorum,
1817 3312 2020 3384 tom.
2057 3300 2111 3385 i.
2148 3330 2233 3411 p.
2272 3302 2461 3393 376.

1199 3426 1333 3510 De
1370 3426 1548 3513 vita
1582 3440 1670 3511 et
1705 3428 2036 3540 scriptis
2073 3456 2439 3528 suorum,
2466 3426 2739 3513 multa
2766 3426 3365 3541 Dempstemm
3394 3432 3869 3515 docuerunt

1084 3559 1714 3669 peregrinantes
1751 3550 2293 3669 errantesque
2332 3558 2579 3659 Scoti,
2612 3556 2823 3641 adeo
2860 3568 2965 3641 ut
2998 3561 3477 3643 rumoribus
3502 3572 3595 3645 et
3621 3560 3869 3645 audi-

1087 3676 1458 3773 tionibus
1497 3716 1668 3773 non
1707 3716 1896 3773 raro
1933 3687 2043 3771 sit
2078 3699 2565 3799 permotus.
2630 3683 2907 3769 multa
2953 3686 3243 3797 itaque
3300 3688 3393 3773 in
3446 3716 3867 3777 commen-

1089 3814 1399 3898 tarium
1465 3816 1782 3915 retulit,
1847 3806 2064 3927 quae
2131 3808 2373 3899 nullo
2428 3816 2629 3901 satis
2682 3814 2989 3905 idoneo
3046 3828 3387 3903 auctore
3440 3818 3863 3903 nituntur.

1085 3942 1449 4029 Viderat
1485 3957 1772 4027 autem
1807 3944 2217 4055 plurimos
2272 3942 2550 4044 libroS,
2598 3972 2651 4027 a
2698 3944 3019 4029 civibus
3068 3946 3243 4029 suis
3296 3948 3615 4059 ubique
3666 3976 3869 4094 gen·

1091 4072 1313 4155 tium
1379 4072 1671 4172 editoS,
1739 4070 1888 4183 qui
1954 4100 2186 4159 nunc
2252 4074 2475 4157 inter
2528 4072 2985 4159 rarissimos
3042 4086 3247 4159 sunt
3300 4075 3715 4173 habendi3
3770 4076 3865 4159 in

1081 4202 1396 4314 hisque
1431 4205 1680 4320 rebus
1718 4200 1927 4287 fides
1963 4206 2148 4315 ejus
2187 4228 2801 4312 nonnunquam
2835 4216 3245 4315 suspecta,
3298 4217 3643 4318 propter
3680 4232 3871 4289 nos÷

1093 4348 1312 4416 tram
1351 4342 1691 4417 tantum
1729 4332 2168 4417 inscitiam.
2280 4332 2514 4415 Citat
2548 4331 3019 4415 identidem
3055 4344 3435 4420 auctores
3484 4336 3863 4421 nondum

1083 4464 1186 4545 -in
1225 4460 1530 4579 vulgus
1567 4462 1891 4559 editos;
1957 4460 2217 4562 velut,
2258 4461 2635 4544 Forduni
2672 4460 3375 4563 Scotichronicon,
3422 4463 3681 4547 Millii
3722 4463 3869 4547 Via-

1081 4606 1225 4677 'tas
1265 4592 1872 4705 Episcoporum
1910 4590 2671 4691 Dunkeldensium,
2712 4590 3097 4678 Neutoni
3136 4592 3379 4677 Vitas
3412 4593 3867 4707 Episcopo·

1098 4734 1288 4807 rum
1363 4710 2122 4817 Dunblanensium,
2202 4714 2475 4803 Bruni
2542 4718 3105 4823 collectanea,
3168 4722 3344 4807 sive
3388 4723 3867 4809 Historiam
