4384 5817
1259 533 1614 606 GEN'rls
1661 529 2226 612 sco‘romm,
2276 532 2457 606 Lm.
2502 533 2598 604 11.
3246 537 3335 605 ⁸75

519 727 794 802 Christi
823 725 1170 820 apostolo,
1195 725 1620 798 sacrandum
1651 746 1697 796 a
1717 723 2211 798 fundamentis
2226 723 2447 820 jecit:
2480 723 2649 796 inde
2671 721 3034 817 profectus
3058 725 3333 798 concio-

517 843 898 916 nabundus
923 841 1018 912 ad
1043 841 1346 924 Tellein,
1371 840 1616 914 vicum
1639 840 1874 912 tribus
1897 861 2245 933 passuum
2264 839 2583 913 millibus
2606 839 2699 912 ab
2717 836 2996 924 Alecto,
3020 839 3329 912 alterum

518 961 870 1052 templum
902 956 1225 1053 ejusdem
1259 953 1564 1049 apostoli
1597 955 1875 1028 nomini
1919 955 2237 1028 dicatum
2272 955 2636 1041 condidit3
2694 955 2993 1027 tertium
3026 955 3121 1028 ad
3152 955 3331 1030 Res·

519 1083 922 1158 tennotum,
967 1075 1164 1148 nunc
1203 1071 1712 1148 canonicorum
1746 1069 1842 1146 D.
1875 1067 2284 1166 Augustini
2316 1069 2763 1147 coenobium.
2862 1069 3025 1144 Illic
3056 1071 3333 1165 aliquot

517 1191 730 1262 annis
777 1197 1124 1272 moratus,
1171 1187 1269 1258 ad
1441 1183 1920 1262 confluentem
1967 1187 2317 1279 populum
2366 1193 2835 1279 posteaquam
2866 1187 3137 1260 salubri
3170 1187 3335 1262 doc-

520 1305 714 1378 trina
767 1303 1372 1398 frequentissimis
1425 1301 1888 1374 conciom’bus
1945 1301 2459 1387 confirmasset,
2518 1301 2896 1400 Angusiae
2944 1303 3327 1396 reliquum,

526 1419 907 1504 Merniam,
982 1418 1374 1504 Μαι-τω,
1463 1415 2084 1510 Buthquhaniam,
2169 1417 2659 1514 Bogevallem.
2742 1427 2819 1490 et
2902 1417 3332 1501 Mol-aviam,

523 1533 797 1608 Christi
823 1536 1162 1632 dogmate
1186 1542 1438 1630 gentes
1462 1531 1818 1618 erudiens,
1843 1534 2276 1628 penetravit,
2303 1532 2501 1606 haud
2523 1534 2773 1626 paucis
2796 1533 3085 1626 templis
3111 1533 3335 1605 variis

523 1651 604 1722 in
633 1671 884 1728 earum
914 1651 1297 1748 reg-ionum
1325 1649 1524 1732 loeis,
1557 1649 1638 1722 in
1669 1645 1876 1728 Petri
1906 1650 2215 1742 apostoli
2256 1649 2607 1724 honorem
2649 1647 2957 1723 conditis
2998 1648 3335 1724 sacratis-

525 1786 689 1858 que.
765 1765 1095 1838 Tandem
1120 1786 1291 1837 vero
1310 1763 1602 1836 devenit
1623 1772 1698 1836 et
1719 1764 1800 1837 in
1825 1762 2186 1850 Rossiam,
2204 1765 2332 1837 ubi
2353 1767 2447 1836 ad
2472 1765 2665 1838 vitae
2688 1765 2969 1837 exitum
2989 1773 3336 1846 moratus,

525 1881 776 1954 multis
809 1891 883 1955 et
915 1881 1057 1974 piis
1091 1879 1476 1952 sudoribus
1508 1901 1642 1974 pro
1683 1901 1896 1952 verae
1941 1879 2237 1972 pietatis
2284 1881 2488 1952 cultu
2534 1881 2902 1974 impensis,
2954 1880 3335 1952 sanctitate

523 2007 595 2069 et
627 1995 1030 2069 eruditione
1052 1995 1387 2091 insignis,
1411 1993 1694 2066 felicem
1725 1995 2042 2066 animam
2075 1997 2272 2067 coelo
2294 1995 2623 2079 reddens,
2650 2017 2909 2090 corpus
2935 1997 3129 2088 apud
3154 1993 3335 2067 Ros-

523 2111 823 2186 marksn
847 2111 1334 2204 sepeliendum
1357 2109 1712 2202 reliquit.”
1763 2109 1966 2184 Haec
1985 2111 2141 2184 illex
2167 2133 2303 2205 ego
2328 2120 2573 2188 tamen
2600 2111 2843 2203 potins
2864 2111 3337 2204 apostolicum

525 2231 844 2325 legatum
893 2226 1240 2322 putarim,
1283 2245 1506 2319 quam
1549 2224 1982 2318 pontificem.
2087 2225 2429 2297 Meminit
2479 2247 2885 2321 anonymus
2933 2226 3055 2301 ille
3088 2247 3337 2300 mna-

524 2343 704 2416 chus
728 2341 1190 2427 Paslatensis,
1211 2363 1460 2414 rerum
1485 2339 1928 2414 Scoticarum
1961 2340 2294 2434 scriptor,
2326 2349 2403 2414 et
2436 2339 2488 2411 J
2487 2363 2653 2414 oan.
2678 2337 3023 2416 Leonam
3052 2342 3182 2413 lib.
3221 2359 3333 2412 w.

523 2481 690 2555 pag.
742 2475 964 2530 cuv.
1015 2456 1272 2558 Gessit·
1303 2457 1388 2530 in
1437 2455 1699 2528 Rossia
1745 2455 2263 2549 episcopatum.
2362 2456 2477 2530 De
2534 2458 2671 2532 hoc
2726 2457 3119 2550 apostolico
3176 2457 3337 2528 viro

527 2583 722 2646 certa
753 2573 928 2647 olim
961 2573 1258 2646 traditio
1289 2580 1470 2657 erat,
1507 2592 1750 2666 quam,
1785 2579 2074 2665 praeter
2102 2573 2521 2646 unanimem
2566 2573 3006 2648 nostratium
3047 2595 3341 2646 consen·

527 2711 714 2775 sum,
777 2689 1000 2762 etiam
1052 2689 1388 2786 Rogerus
1445 2685 1886 2760 Hovedenus
1945 2689 2386 2781 exsequitur,
2445 2677 2715 2762 Annei.
2772 2699 2965 2783 part.
3027 2707 3118 2761 11.
3168 2711 3334 2784 pag.

529 2823 918 2878 cnxxvn.
1021 2814 1068 2850 ‘⁴
1114 2803 1410 2876 Dicitur
1455 2803 1651 2896 quod
1701 2802 1781 2874 in
1841 2803 2234 2877 cathedrali
2290 2805 2585 2878 ecclesia
2640 2804 3097 2899 episcopatus
3155 2801 3343 2876 Ros-
3440 2866 3447 2874 .

527 2923 780 3008 sensis,
841 2942 1030 3015 quae
1075 2921 1346 2994 dicitnr
1392 2918 1872 3002 Rosmarkeu,
1930 2917 2207 2992 Beatus
2262 2919 2683 2994 Bonifacius
2740 2941 2953 3016 papa,
3009 2920 3141 3014 qui
3194 2919 3343 2992 fuit

531 3045 838 3131 quartus
861 3059 906 3108 a
929 3037 1162 3109 Beato
1185 3034 1562 3132 Gregorio,
1585 3037 1914 3128 sepultus
1939 3037 2114 3108 est.”
2171 3035 2298 3110 Ex
2320 3037 2455 3108 hac
2478 3035 2958 3130 descriptione
2983 3057 3150 3112 eum
3176 3055 3343 3108 con-

528 3162 676 3226 stat
707 3151 938 3226 fuisse
969 3149 1428 3224 Bonifacium
1462 3147 1594 3224 IV.
1631 3151 1758 3243 qui
1791 3172 1836 3221 a
1871 3150 2116 3224 Phoca
2147 3151 2454 3224 Caesare
2496 3151 2875 3225 Pantheon
2915 3153 3107 3224 dono
3148 3173 3341 3222 acce-

531 3270 664 3360 pit,
731 3276 809 3342 et
871 3268 1067 3362 quod
1132 3265 1459 3340 omnium
1522 3265 2070 3339 daemoniorum
2127 3277 2308 3352 erat,
2366 3267 2823 3340 beatissimae
2876 3267 3209 3364 Virginis
3265 3275 3339 3337 et

530 3385 856 3456 omnium
903 3391 1318 3456 sanctorum
1367 3380 1621 3465 effecit,
1671 3389 1759 3453 ut
1805 3393 2056 3454 narrat
2103 3381 2195 3454 de
2242 3405 2329 3454 eo
2376 3383 2569 3454 idem
2614 3381 3076 3465 Hovedenus,
3128 3383 3336 3476 cujus

527 3497 704 3574 fides
737 3499 1058 3574 Baronio
1080 3499 1416 3576 sincerat
1465 3497 1588 3571 hic
1617 3497 1838 3572 etiam
1869 3497 2139 3570 festum
2173 3498 2501 3572 omnium
2542 3509 2955 3572 muctomm
2994 3497 3338 3578 instituit,

531 3627 614 3688 ut
647 3623 934 3708 praeter
966 3613 1698 3698 Hmtindomm,
1735 3611 2242 3697 Hovedanum,
2290 3613 3029 3697 Malmesburienaem,
3072 3621 3149 3687 et
3180 3633 3343 3685 nos·

531 3741 706 3815 tros,
765 3731 1224 3804 consentiunt
1277 3729 1668 3824 hagiologi,
1729 3737 1804 3802 et
1849 3751 1944 3801 ex
1991 3729 2083 3800 iis
2134 3728 2449 3812 Platina,
2496 3728 2879 3814 ciaconus,
2944 3736 3018 3802 et
3068 3749 3340 3800 omnes.

529 3849 792 3924 Altum
817 3859 1068 3922 tamen
1105 3847 1475 3920 silentium
1519 3848 1716 3939 apud
1760 3865 2008 3918 omnes
2049 3843 2283 3918 nostri
2328 3855 2405 3916 et
2448 3844 2841 3936 superioris
2886 3842 3048 3916 aevi
3091 3863 3340 3916 rerum

531 3964 912 4056 scriptores
943 3963 1604 4037 ecclesiasticarum.
1693 3961 1881 4057 Ejus
1915 3971 2159 4034 tamen
2195 3958 2555 4036 Bonifaeii
2590 3959 2953 4034 habentur
2974 3981 3067 4032 ex
3090 3957 3341 4032 eodem

536 4077 958 4163 Peslatensi,
991 4088 1078 4150 ut
1107 4080 1408 4151 volunt:
3042 4133 3053 4144 .

827 4192 942 4266 De
976 4193 1496 4290 Praerogativa
1531 4193 1731 4266 Petri
2926 4189 3051 4262 lib.
3091 4209 3144 4261 1.

831 4308 1252 4381 Paraenesis
1290 4309 1379 4380 ad
1415 4307 1664 4382 Scotos
1773 4333 1782 4340 ·
2926 4306 3053 4378 lib.
3090 4323 3142 4376 1.

831 4423 1249 4504 Doctrinale
1271 4423 1504 4508 Fidei,
1533 4423 1695 4497 MS.
1720 4423 2176 4502 Aberdoniae
2200 4425 2377 4496 olim
2400 4431 2875 4507 asservatum,
2923 4423 3052 4496 fib.
3092 4439 3147 4494 1.
3302 4479 3307 4486 .

631 4539 954 4632 Venerat
983 4540 1106 4614 me
1139 4541 1218 4614 in
1249 4539 1564 4614 Scotiam
1596 4561 1790 4612 anno
1825 4557 2050 4612 Dcv1.
2083 4549 2216 4612 aut
2246 4561 2441 4624 sane,
2472 4549 2559 4616 nt
2602 4540 2846 4613 verius
2888 4539 3037 4622 alii,
3084 4545 3341 4611 Dcxx.

539 4653 824 4728 Colitur
857 4655 974 4728 die
1005 4673 1180 4728 xvl.
1217 4654 1498 4728 Martii.
1611 4653 2070 4729 Breviarium
2100 4655 2487 4730 Scoticum.
