4384 5817
1052 526 1138 590 82
1809 526 2278 596 HISTORIA
2325 524 3074 597 ECCLESIASTICA

1058 734 1243 786 σιν.
1304 717 1477 787 dixi.
1545 715 2075 809 Apocrisiarius
2132 716 2252 789 hic
2316 716 2459 789 fuit
2529 716 2916 791 Theodosii
2989 716 3312 814 Augusti
3371 720 3710 815 junioris,
3779 732 3852 793 et

1060 854 1150 901 ex
1198 855 1282 903 ea
1330 832 1561 904 aulica
1608 832 1962 927 dignitate
2011 834 2103 904 ad
2154 834 2432 929 majora
2480 841 2826 917 vocatus3
2879 856 3048 905 nam
3095 856 3259 905 cum
3307 832 3382 907 S.
3436 835 3854 921 Flavianus,

1058 948 1465 1038 patriarcha
1558 947 2418 1042 Constantinopolitanus,
2511 950 2591 1019 in
2681 949 2960 1043 synodo
3052 950 3495 1043 praedatrice
3581 950 3854 1045 Ephesi

1056 1079 1283 1133 XLIV.
1336 1063 1752 1137 vulneribus
1800 1060 2055 1137 fuisset
2106 1074 2418 1148 enectus,
2464 1064 2852 1138 Anatolius
2899 1066 2966 1137 ei
3011 1067 3372 1151 suecessit,
3423 1075 3499 1139 et
3547 1089 3642 1139 ne
3685 1068 3856 1160 quis,

1054 1178 1140 1247 de
1180 1178 1505 1273 legitima
1548 1178 1705 1273 ejus
1750 1190 2103 1271 potestate
2148 1181 2478 1253 dubitare
2523 1190 2785 1273 posset,
2830 1206 2877 1254 a
2919 1180 3182 1255 Sancto
3227 1180 3469 1255 Leone
3507 1182 3568 1255 Ῑ.
3621 1186 3854 1274 ponti-

1056 1290 1185 1363 fice
1237 1292 1753 1385 pacificatorias
1809 1297 2043 1386 petiit,
2114 1295 2278 1367 fidei
2345 1318 2518 1369 suae
2583 1299 2935 1369 rationem
3002 1298 3325 1381 reddens,
3393 1306 3470 1371 et
3533 1298 3852 1371 obtinere

1056 1410 1479 1499 promeruit.
1584 1409 1749 1503 Ipse
1782 1410 2023 1483 Sanct-
2058 1410 2211 1483 Leo
2245 1412 2450 1504 epist.
2483 1430 2630 1484 xl..
2677 1412 3037 1485 Theodor.
3084 1412 3346 1485 Lector
3392 1412 3682 1487 Collect.
3730 1414 3856 1486 lib.

1060 1541 1112 1595 1.
1218 1522 1323 1595 Et
1355 1528 1527 1617 qnia
1562 1525 2061 1620 chrysaphius
2094 1528 2488 1611 eunuchus,
2523 1536 2597 1599 et
2630 1525 3048 1611 Dioscurus,
3083 1526 3526 1621 Eutychiani
3564 1530 3855 1625 dogma·

1055 1641 1151 1718 tis
1219 1650 1685 1731 promotores,
1753 1662 1919 1712 eum
1995 1642 2401 1737 eligendum
2479 1650 2848 1727 curarunt,
2923 1644 3046 1715 ille
3117 1646 3394 1737 synodo
3469 1644 3858 1717 Chalcedo-

1057 1780 1147 1827 ne
1189 1764 1432 1827 eoacta
1480 1772 1803 1829 Dcxxx.
1852 1757 2344 1851 episcoporum
2395 1766 2470 1830 et
2519 1767 2833 1851 patrum,
2881 1758 3166 1831 eosdem
3215 1758 3660 1831 damnandos
3707 1764 3856 1855 pri·

1056 1893 1219 1943 mus
1238 1872 1621 1944 consensit.
1674 1870 2061 1965 Nicephor.
2090 1872 2214 1945 lib.
2246 1868 2386 1944 xv‘.
2417 1872 2696 1945 Histor.
2721 1872 3138 1946 Ecclesiast.
3159 1896 3316 1968 cap.
3339 1892 3516 1947 xvl.
3563 1872 3669 1948 Et
3687 1878 3858 1970 quia

1058 1986 1523 2081 Eutychiani,
1598 1995 1685 2059 ut
1768 2010 1961 2059 nunc
2044 1988 2515 2081 perditissimi
2597 1988 3067 2074 calvinistae,
3147 1990 3496 2063 miracula
3577 2002 3859 2085 expete·

1052 2106 1249 2187 bant,
1309 2102 1695 2179 Anatolius
1754 2106 2103 2179 miraculo
2161 2108 2474 2177 maxime
2531 2104 2802 2201 insigni
2860 2126 2982 2177 eos
3039 2104 3417 2188 confudit3
3471 2128 3642 2179 nam
3693 2130 3854 2180 cum

1054 2223 1207 2313 ipse
1256 2230 1329 2293 et
1380 2220 1825 2316 Eutychiani
1874 2223 2197 2295 libellum
2257 2244 2430 2295 suae
2486 2219 2950 2314 professionis
3009 2242 3228 2315 super
3281 2220 3359 2294 S.
3407 2220 3858 2315 Euphemiae

1054 2338 1361 2432 virginis
1425 2338 1766 2431 reliquias
1832 2338 2366 2431 imposuissent,
2443 2337 2910 2430 custodiaque
2983 2339 3364 2431 utriusque
3436 2338 3668 2430 partis
3735 2341 3859 2412 ad·

1055 2453 1289 2525 hibita
1344 2462 1553 2537 esset,
1608 2454 1792 2525 liber
1847 2452 2175 2526 Anatolii
2235 2454 2315 2526 in
2373 2454 2630 2525 dextra
2685 2472 2908 2524 manu
2955 2454 3285 2549 virginis,
3336 2455 3854 2528 haereticorum

1056 2569 1149 2639 ad
1206 2568 1419 2660 pedes
1478 2569 1841 2641 inventus.
1971 2568 2135 2639 Hoc
2201 2568 2458 2640 accidit
2526 2566 2764 2638 idibus
2829 2566 3108 2660 Aprilis
3175 2590 3366 2641 anno
3433 2586 3656 2642 cnm.
3725 2570 3858 2644 Zo-

1062 2705 1273 2755 naras
1324 2693 1499 2755 tom.
1557 2701 1677 2755 111.
1732 2685 1812 2756 in
1862 2684 2236 2757 Marciano
2271 2682 2404 2756 IV.
2457 2682 2563 2755 Et
2611 2684 2944 2777 quamvis
2995 2682 3236 2755 Sanct.
3289 2683 3440 2758 Leo
3490 2685 3642 2757 ΡΡ.
3693 2708 3856 2759 eum

1056 2819 1257 2869 sacra
1330 2798 1723 2891 apostolica
1788 2798 2250 2881 confirmarit,
2320 2806 2536 2890 atque
2604 2801 2760 2891 ipse
2825 2796 3325 2891 Eutychianos
3393 2801 3668 2894 synodo
3733 2803 3857 2875 illa

1054 2914 1370 3008 generali
1404 2914 1835 2999 damnasset,
1868 2924 1941 2986 et
1982 2916 2380 2985 maximum
2426 2915 2854 2987 miraculum
2899 2924 3319 3007 cooperatus
3363 2927 3571 3001 esset,
3617 2928 3858 2990 tamen

1056 3030 1241 3103 male
1265 3052 1311 3101 a
1336 3028 1653 3101 Baronio
1677 3030 1882 3102 audit
1907 3039 2083 3102 tom.
2111 3047 2225 3100 vl.
2259 3050 2426 3124 pag.
2455 3046 2802 3100 ccxxx1.
2871 3026 3168 3101 Scotum
3199 3028 3422 3101 fuisse
3453 3032 3754 3122 probavi
3779 3034 3856 3105 in

1060 3144 1443 3237 Apparatu
1476 3166 1642 3240 pag.
1682 3162 1929 3217 chV.
1965 3152 2039 3215 et
2072 3142 2336 3215 Salinis
2371 3144 2448 3215 in
2485 3142 2917 3238 Burgundia
2961 3143 3262 3215 dioecesi
3305 3142 3714 3219 Vesuntino
3755 3150 3858 3220 sic

1060 3258 1407 3330 habetur:
1443 3266 1489 3300 “
1512 3258 1587 3332 S.
1614 3256 2001 3332 Anatolius
2028 3258 2308 3342 Scotus,
2344 3258 2918 3351 archiepiscopus
2951 3254 3860 3352 Constantinopolitanae?

1056 3373 1463 3447 Admonuit
1531 3376 1649 3447 vir
1696 3374 2228 3447 illustrissimus
2277 3373 2372 3446 D.
2427 3372 2883 3458 Metellanus,
2935 3374 3108 3445 baro
3155 3372 3640 3459 Lidintoniae,
3697 3398 3861 3449 can-

1056 3491 1322 3561 cellarii
1370 3488 1649 3563 Scotiae
1692 3488 1909 3573 filius,
1952 3491 2082 3583 qui
2125 3489 2493 3561 Bruxellis
2542 3489 2821 3561 dulcem
2871 3488 3034 3560 fidei
3069 3488 3508 3560 orthodoxae
3540 3489 3854 3563 fructum

1056 3604 1379 3696 percipit,
1415 3606 1663 3696 procul
1696 3605 1789 3676 ab
1820 3604 2342 3677 haereticorum
2375 3604 2650 3677 furiosa
2681 3604 2959 3675 malitia
2997 3604 3374 3697 sepositus.
3430 3601 3852 3679 Franciscus

1056 3719 1608 3813 Guillamannus
1639 3720 1765 3793 lib.
1804 3738 1893 3791 11.
1928 3720 2018 3791 de
2051 3718 2298 3791 Rebus
2335 3719 2838 3791 Helvetiorum
2872 3738 3026 3809 cap.
3063 3734 3250 3789 1111.
3287 3726 3334 3759 ‘⁶
3357 3716 3432 3789 S.
3467 3716 3854 3793 Anatolius

1056 3834 1321 3907 Salinis
1348 3836 1669 3906 colitur.”
1704 3835 2107 3908 Paradinus
2146 3836 2222 3907 in
2250 3834 2836 3927 Antiquitatibus
2863 3831 3391 3928 Burgundicis:
3429 3840 3474 3875 “
3499 3830 3855 3927 Tempore

1058 3950 1385 4021 Lotharii
1422 3948 1555 4021 IV.
1591 3950 1803 4045 regis,
1839 3971 1967 4042 per
1998 3954 2273 4045 legatos
2299 3948 2996 4041 Constantinopolim
3025 3947 3118 4018 ab
3143 3970 3228 4019 eo
3253 3948 3530 4031 missos,
3557 3952 3855 4021 wensla-

1060 4078 1216 4135 tum
1270 4062 1413 4135 fuit
1462 4066 1855 4156 pretiosum
1908 4084 2163 4155 corpus
2215 4064 2290 4137 S.
2342 4061 2719 4134 Anatholii
2767 4062 3239 4156 patriarchae,
3289 4084 3506 4155 quem
3553 4062 3848 4137 Scotum

1056 4177 1383 4251 faciunt?
1361 4175 1406 4209 ’'
1484 4178 1762 4250 Locum
1786 4178 1879 4249 ad
1908 4200 2019 4249 me
2044 4178 2244 4251 misit
2271 4178 2366 4253 R.
2393 4176 2480 4249 P.
2509 4176 2862 4273 Georgius
2887 4175 3228 4249 Leslaeus
3253 4176 3683 4270 Capucinus,
3705 4178 3852 4249 die·

1064 4308 1182 4368 tus
1233 4292 1758 4390 Archangelus,
1810 4295 1989 4365 civis
2039 4315 2266 4378 meus,
2318 4302 2391 4364 et
2435 4292 2948 4364 disertissimus
2983 4293 3460 4375 concionator,
3501 4296 3852 4389 generalis

1056 4412 1312 4483 socius.
1416 4408 1719 4503 Scripsit
1751 4407 2135 4480 Anatolius

1362 4525 1634 4597 Contra
1665 4522 2163 4617 Eutychianos
2847 4523 2970 4595 lib.
3009 4542 3060 4593 1.

1356 4641 1481 4713 Ad
1516 4639 2048 4713 sanctissimum
2081 4638 2398 4712 Leonem
2432 4638 2708 4733 Papam
2847 4638 2973 4711 lib.
3009 4658 3062 4711 1.

1354 4756 1478 4832 Ad
1562 4755 1933 4851 Synodum
2006 4754 2552 4829 Oecumenicam
2631 4754 3300 4838 Chalcedonensem,
3375 4762 3624 4827 contra
3701 4752 3851 4851 Eug-
