4384 5817
1079 542 1162 605 16
1187 534 1196 581 ῗ
1841 536 2310 609 HISTORIA
2356 536 3106 607 ECCLESIASTICA

1379 730 1502 803 Ad
1533 730 2008 813 Quaestiones
2042 722 2425 823 Fritligisi'
2972 726 3099 799 lib.
3138 746 3189 799 1.

1378 848 1501 920 Ad
1533 844 1899 917 Eulaliam
1930 845 2020 917 de
2053 844 2365 916 Ratione
2395 843 2707 915 Animae
2962 843 3088 916 lib.
3128 860 3180 915 1.

1377 961 1500 1031 Ad
1575 960 1980 1033 Guidonem
2056 958 2412 1033 Comitem
2486 960 2575 1030 de
2648 956 2979 1031 Veritate

1477 1076 2018 1149 Sententiarum
2964 1074 3091 1146 lib.
3130 1094 3183 1145 1.

1381 1192 1474 1266 In
1505 1192 1806 1264 Cantica
1837 1190 2302 1265 canticorum
2974 1189 3099 1261 lib.
3138 1207 3189 1261 1.

1385 1308 1474 1379 In
1507 1306 1992 1403 Evangelium
2023 1304 2074 1377 J
2075 1308 2327 1380 oannis
2972 1304 3097 1381 lib.
3136 1322 3281 1377 vu,

1383 1424 1496 1494 De
1528 1422 1940 1515 Adoptione
1973 1422 2331 1495 Filiorum
2974 1420 3099 1493 lib.
3138 1438 3190 1491 1.

1386 1538 1477 1609 In
1508 1536 2000 1632 Apocalypsin
2031 1537 2337 1610 Ioannis
2972 1534 3097 1609 lib.
3134 1553 3188 1607 1.
3250 1542 3266 1557 ·

1381 1654 1498 1725 De
1527 1652 2054 1725 Ecclesiasticis
2086 1652 2585 1748 Dignitatibus
2968 1650 3097 1725 lib.
3134 1670 3185 1724 1.

1383 1770 1766 1863 Speculum
1797 1768 2281 1841 Parvulorum
2970 1768 3099 1840 lib.
3136 1786 3191 1839 1.

1381 1885 1496 1958 De
1527 1884 1928 1957 Nominum
1961 1882 2098 1955 Dei
2131 1883 2587 1977 Proprietate
2966 1882 3092 1955 lib.
3132 1902 3183 1953 1.

1380 2001 1558 2074 Vita
1590 1999 1664 2073 S.
1698 1999 1998 2072 Vedasti
2031 1997 2373 2091 Episcopi
2972 1999 3096 2073 lib.
3136 2008 3191 2069 ι’.

1381 2116 1754 2209 Epistolae
1785 2114 1878 2186 ad
1911 2114 2237 2185 diversos
2972 2114 3098 2186 lib.
3136 2132 3191 2185 1.

1385 2231 1476 2304 In
1523 2230 1931 2327 Evangelia
1975 2227 2523 2302 Dominicorum
2577 2228 2911 2313 Diei-um,

1479 2348 1882 2430 Feriarum,
1917 2344 2301 2416 Festorum
2334 2344 2559 2416 totius
2592 2346 2789 2429 anni,
2968 2345 3093 2419 lib.
3134 2364 3190 2419 1.

1381 2461 1506 2535 Ex
1569 2458 2004 2533 Ductoribus
2071 2457 2461 2531 Catholicis
2532 2458 2893 2533 Homiliae
2928 2516 2937 2525 .
2970 2478 3244 2533 ccmv.

1385 2578 1474 2649 In
1509 2576 1845 2649 Genesim
2972 2576 3097 2649 lib.
3134 2594 3189 2647 1.

1387 2694 1478 2765 In
1509 2691 1996 2765 Ecclesiasten
2968 2694 3095 2765 lib.
3134 2712 3186 2763 1.

1384 2812 1472 2882 In
1507 2809 1873 2901 Epistulas
1909 2806 2120 2877 Pauli
2970 2809 3093 2880 lib.
3130 2826 3304 2879 xlv,

1385 2922 1864 2997 Euchiridion
1895 2920 1974 2992 in
2007 2922 2357 3015 quosdam
2394 2924 2719 2997 Psalmos
2968 2924 3092 2994 lib.
3132 2941 3186 2994 1.

1387 3038 1922 3114 Sententiarum
2593 3132 2600 3140 ἢ
2968 3040 3091 3113 lib.
3130 3058 3182 3111 1.

1385 3152 1812 3228 Rhetoricae
2974 3156 3099 3228 lib.
3138 3172 3189 3227 1.

1191 3274 1390 3347 Haec
1406 3270 1698 3365 quidem
1723 3290 1948 3361 paene
1973 3270 2217 3341 omnia
2242 3272 2399 3341 luce
2425 3271 2713 3355 donata,
2732 3272 2825 3343 de
2848 3272 3113 3364 quibus
3138 3273 3453 3366 maligne
3473 3272 3652 3345 Ant.
3680 3271 3880 3345 Cocc-

1091 3388 1478 3464 Sabellicus
1505 3384 2041 3456 Ennead.V111.
2071 3384 2197 3455 lib.
2236 3400 2353 3457 11.
2388 3386 2469 3457 in
2501 3385 2796 3457 limine.
2831 3386 3257 3459 “Alcuinus
3282 3385 3522 3459 Caroli
3556 3410 3880 3482 praecep·

1088 3519 1227 3589 tor,
1261 3505 1470 3600 cujus
1503 3502 1596 3573 ad
1628 3508 1950 3593 posteros
1982 3500 2219 3571 multa
2256 3511 2658 3584 manarant,
2704 3501 3067 3593 sapienter
3108 3510 3183 3574 et
3225 3502 3365 3594 pie,
3398 3504 3629 3599 magis
3658 3526 3875 3597 quam

1091 3624 1504 3713 eloquenter
1535 3611 2028 3688 elucubrata.”
2130 3612 2643 3707 Eloquentiam
2676 3638 2898 3708 quam
2944 3618 3253 3711 requirit
3296 3620 3538 3690 nullus
3586 3620 3751 3691 rudi
3794 3642 3881 3691 eo

1091 3739 1328 3809 seculo
1379 3730 1808 3827 possidebat,
1855 3738 1930 3803 et
1973 3731 2040 3803 si
2083 3730 2249 3823 quis
2296 3731 2481 3803 alius
2521 3728 2879 3803 Alcuinus
2923 3741 3189 3805 noster.
3238 3732 3618 3825 Aequius
3672 3732 3878 3803 Wer·

1090 3872 1306 3923 nerus
1359 3848 1791 3919 Rolevincus
1841 3845 2166 3931 Laerins,
2216 3844 2705 3939 Westphalus‚
2758 3845 3223 3919 carthusiani
3270 3849 3591 3921 instituti
3637 3870 3877 3921 mona-

1095 3966 1295 4048 chus,
1345 3972 1598 4053 auctor
1646 3960 2000 4033 Fasciculi
2049 3961 2539 4054 Temporum:
2590 3972 2635 4004 ‘⁶
2666 3960 3047 4047 Alcuinus,
3107 3966 3223 4035 vir
3278 3964 3753 4047 doctissimus,
3802 3976 3877 4036 et

1093 4090 1380 4153 sanctae
1429 4079 1644 4161 vitae,
1695 4077 1928 4147 clarus
1977 4076 2323 4171 magister
2370 4074 2635 4160 Caroli,
2686 4078 2917 4149 multa
2962 4080 3249 4172 scripsit
3290 4089 3363 4151 et
3394 4077 3883 4151 reformavioe’.

1095 4198 1318 4271 Anno
1351 4196 1621 4267 scilicet
1653 4206 2010 4263 mcxcv·

1193 4311 1450 4405 Nuper
1483 4332 1652 4381 vero
1683 4306 1928 4380 studio
1961 4304 2262 4378 Hem-ici
2280 4305 2570 4380 canisii
2608 4326 2687 4381 v·
2723 4327 2796 4383 e.
2838 4320 2969 4383 aut
3012 4310 3315 4385 aliorum
3359 4314 3818 4406 prodierunt:

1249 4434 1256 4443 ’
1391 4424 1726 4518 Epistola
1755 4423 1844 4493 de
1875 4420 2360 4495 confessione.

1391 4540 1766 4633 Epistulae
1801 4555 1890 4609 11.
1925 4538 2126 4611 aliae.

1391 4654 1783 4729 Dialectica
2970 4656 3093 4729 lib.
3132 4674 3186 4728 1.

1391 4771 1718 4847 Humilia
1747 4772 1826 4843 in
1857 4772 2172 4845 natalem
2208 4768 2282 4843 S.
2318 4769 2767 4846 willibrordi
2972 4771 3097 4845 lib.
3134 4792 3187 4843 1.
