4384 5817
1027 455 1152 518 188
1805 451 2275 522 HISTORIA
2322 453 3077 524 ECCLESIASTICA

1025 653 1110 714 ut
1143 653 1298 714 erat
1333 641 1568 714 vivaci
1605 642 1918 739 ingenio,
1963 645 2301 718 militiam
2348 645 2755 718 adolescens
2800 655 3089 718 secutus
3138 648 3612 743 peregrinam,
3658 651 3739 746 ej
3746 672 3851 720 us

1024 760 1244 831 etiam
1294 760 1496 832 brevi
1545 761 1976 832 conditionis
2026 769 2419 852 pertaesus,
2466 763 2545 834 in
2594 761 2907 847 Italiam,
2958 765 3335 836 literarum
3382 765 3845 838 domicilium

1027 885 1100 946 et
1147 875 1623 947 humanitatis
1675 877 2093 958 sacrarium,
2147 879 2540 961 concessit3
2598 877 2727 948 ubi
2778 875 3034 948 Genua
3081 879 3353 962 relicta,
3406 903 3553 972 qua
3600 881 3845 952 hono-

1023 992 1216 1063 rario
1281 991 1458 1062 satis
1526 993 1766 1084 amplo
1833 992 2187 1064 invitatus
2256 991 2517 1076 fuerat,
2582 991 2926 1064 Venetiae
2992 993 3193 1076 abiit,
3264 1017 3489 1088 eaque
3548 996 3843 1092 ingenii

1023 1108 1158 1191 sui,
1229 1119 1306 1180 et
1383 1107 1476 1180 ad
1531 1117 1948 1200 portentum
2021 1110 2419 1201 stupendae
2484 1110 2891 1193 memoriae,
2964 1109 3365 1182 incredibili
3436 1135 3521 1182 ea
3590 1121 3843 1184 aetate

1021 1223 1322 1295 lectione
1385 1233 1460 1295 et
1517 1223 1820 1318 Judicio,
1891 1233 2359 1296 monumenta
2418 1224 2664 1306 edidit,
2718 1233 2807 1294 ut
2860 1225 3081 1319 vulgo
3136 1225 3565 1297 miraculum
3628 1226 3841 1298 orbis

1021 1349 1096 1410 et
1153 1341 1512 1412 diceretur
1571 1349 1646 1411 et
1703 1349 1912 1410 esset.
2011 1339 2263 1432 Atque
2310 1341 2791 1412 crebrescente
2850 1341 3163 1412 secunda
3220 1340 3347 1410 illa
3402 1339 3601 1412 fama
3654 1343 3837 1412 inde

1025 1463 1383 1539 evocatus,
1434 1455 1782 1548 principis
1833 1455 2223 1528 Mantuani
2273 1456 2652 1551 juventuti
2710 1456 3184 1547 praepositus,
3248 1455 3340 1528 ab
3388 1459 3637 1527 eodem
3692 1479 3837 1527 no-

1021 1585 1145 1642 ctu
1203 1571 1645 1656 interfectus,
1716 1573 1926 1666 gravi
1984 1571 2186 1642 ducis
2242 1574 2473 1665 patris
2532 1572 2797 1655 dolore,
2852 1593 2985 1642 nec
3040 1571 3320 1643 minore
3384 1572 3833 1668 indignatio-

1021 1710 1134 1774 ne,
1185 1709 1469 1760 summo
1513 1709 1687 1760 vero
1727 1687 1866 1771 sui,
1917 1695 1992 1759 et
2033 1690 2226 1780 apud
2270 1689 2465 1760 cives
2506 1699 2698 1770 su'os,
2748 1695 2822 1758 et
2874 1685 3097 1758 Italos
3146 1689 3402 1758 saltem
3450 1690 3827 1780 aequiores

1023 1803 1382 1876 virtutum
1434 1805 1954 1886 aestimatores,
2006 1804 2357 1876 desiderio
2404 1805 2675 1875 relicto.
2778 1801 3075 1874 Amicos
3110 1802 3367 1874 habuit
3400 1804 3823 1896 praecipuos

1019 1917 1500 1991 Laurentium
1548 1918 1896 2004 Massam,
1954 1919 2413 1991 scriniarium
2470 1919 2855 2001 Venetum,
2916 1918 3305 2011 Speronem
3364 1917 3818 2012 Speronium,

1019 2037 1146 2129 qui
1205 2037 1491 2133 egregie
1545 2057 1712 2107 eum
1781 2035 1862 2106 in
1917 2037 2241 2128 epistolis
2304 2037 2755 2107 commendat
2812 2034 2905 2106 ad
2950 2057 3117 2106 eum
3172 2037 3479 2128 scriptis,
3540 2031 3819 2108 Aldum

1019 2151 1459 2236 Manutium,
1517 2152 1646 2245 qui
1705 2151 2136 2224 Paradoxon
2194 2151 2811 2224 commentarium
2878 2153 2987 2222 illi
3054 2152 3499 2244 inscripsisse
3564 2153 3815 2248 digna·

1018 2278 1157 2339 tus.
1259 2267 1384 2340 Ab
1429 2269 1645 2340 unico
1695 2266 2016 2362 Trajano
2065 2267 2478 2340 Boccalinio
2524 2267 3199 2340 maledicentissimo
3245 2271 3432 2340 male
3480 2278 3817 2362 exceptus

1014 2393 1146 2466 est,
1204 2384 1328 2456 sed
1385 2406 1551 2456 cum
1607 2385 1686 2455 in
1743 2407 1828 2456 eo
1883 2385 2174 2456 homine
2230 2386 2551 2456 scurrilis
2600 2385 2937 2456 dicacitas
2990 2387 3146 2456 sine
3194 2387 3345 2458 ulla
3392 2386 3815 2457 eruditionis

1015 2501 1338 2571 mixtura
1393 2501 1514 2583 sit,
1566 2499 1826 2572 honori
1883 2501 2026 2572 erit
2077 2500 2495 2572 Crichtonio
2548 2511 2797 2573 nostro
2850 2523 2897 2572 a
2946 2509 3100 2572 tam
3150 2501 3485 2594 imperito
3534 2499 3807 2573 violari.

1015 2615 1154 2685 Sed
1199 2636 1659 2711 programma
1706 2613 1992 2687 Patavii
2045 2615 2138 2686 ab
2185 2616 2346 2707 ipso
2394 2619 2845 2710 propositum
2895 2617 3265 2700 adducam,
3316 2639 3463 2710 quo
3506 2616 3809 2700 facilius,

1015 2741 1288 2824 quanta
1319 2731 1591 2827 ingemi
1623 2735 2068 2824 praestantia
2099 2732 2345 2816 fuerit,
2380 2735 2853 2828 intelligatur.

1313 2855 1359 2890 “
1390 2847 1497 2919 Ut
1529 2848 1620 2918 iis
1659 2849 1787 2941 qui
1833 2847 2136 2940 (virtute
2185 2872 2495 2942 veraque
2540 2849 2765 2920 animi
2800 2851 3177 2922 nobilitate
3210 2850 3371 2922 aliis
3403 2852 3809 2943 praelucen-

1409 2964 1550 3058 tes)
1602 2964 1780 3036 bene
1813 2966 1903 3036 de
1937 2967 2237 3038 virtutis
2270 2966 2713 3038 amatoribus
2748 2967 3016 3038 sentire
3048 2974 3599 3050 consueverunt,
3646 2987 3805 3061 gra-

1411 3079 1552 3152 tias
1597 3090 1768 3177 agat
1799 3083 2244 3154 immortales
2288 3081 2657 3153 JACOBUS
2698 3081 3161 3153 ennomus
3204 3081 3539 3166 Scoru8,
3570 3079 3807 3175 profli-

1409 3198 1742 3292 gatisque
1809 3209 1886 3270 et
1945 3201 2247 3292 perditis
2316 3198 2731 3270 hominibus
2792 3219 3078 3270 omnem
3136 3199 3611 3290 imposterum
3662 3198 3805 3292 jac-

1413 3315 1616 3385 tandi
1651 3317 2092 3387 occasionem
2125 3315 2429 3401 auferat,
2474 3337 2752 3386 errores
2798 3313 3217 3386 Aristotelis
3263 3337 3445 3406 pene
3487 3314 3803 3386 innume-

1403 3431 1688 3516 rabiles,
1721 3440 1796 3503 et
1831 3432 2154 3503 omnium
2189 3431 2621 3503 Latinorum
2654 3430 3269 3524 philosophorum,
3319 3430 3474 3502 sive
3512 3451 3681 3502 cum
3718 3431 3805 3500 de

1403 3549 1631 3640 ipsius
1665 3558 1906 3620 mente
1939 3549 2337 3640 disputant,
2372 3549 2526 3619 sive
2568 3570 2730 3619 cum
2776 3569 2893 3618 res
2932 3546 3370 3642 theologicas
3414 3548 3801 3644 attingunt,

1405 3675 1479 3736 et
1511 3666 2024 3736 nonnullorum
2055 3686 2343 3758 quoque
2377 3665 2777 3736 matheseos
2818 3661 3327 3756 professorum,
3380 3665 3661 3736 somnia
3704 3685 3805 3734 re-

1403 3781 1694 3865 futabit,
1727 3791 1802 3852 et
1834 3781 1928 3850 ad
1962 3779 2242 3873 objecta
2272 3778 2754 3872 respondebit.

1309 3896 1644 3968 Liberam
1681 3897 1771 3967 ad
1805 3895 1980 3966 haec
2013 3896 2090 3966 in
2122 3897 2457 3968 omnibus
2492 3894 2915 3987 disciplinis,
2962 3895 3116 3966 sive
3158 3895 3323 3967 illae
3370 3895 3655 3987 publice
3684 3893 3801 3964 do-

1403 4013 1546 4085 ceri
1579 4014 1880 4097 soleant,
1931 4014 2084 4084 sive
2127 4011 2677 4104 sapientissimis
2724 4019 3015 4082 tantum
3064 4010 3479 4082 hominibus
3524 4010 3803 4104 perviae

1401 4131 1570 4211 sint,
1610 4127 1960 4223 arguendi
1995 4128 2436 4218 occasionem
2466 4129 2615 4198 dat.

1305 4243 1834 4337 Responsurus,
1893 4245 2045 4314 sive
2103 4243 2355 4338 logicis
2414 4251 2489 4313 et
2545 4242 2906 4314 consuetis
2976 4242 3583 4334 responsionibus,
3654 4241 3801 4313 sive

1401 4383 1530 4453 per
1563 4369 1906 4432 secretam
1941 4381 2409 4432 numerorum
2440 4359 2818 4442 rationem,
2865 4366 2994 4431 aut
3042 4359 3311 4454 figuras
3353 4355 3799 4428 mathemati-

1401 4500 1542 4562 cas,
1576 4477 1732 4548 sive
1755 4498 1884 4568 per
1909 4477 2188 4569 aliquot
2216 4497 2306 4546 ex
2330 4484 2619 4547 centum
2646 4475 3045 4546 carminum
3078 4473 3485 4570 generibus,
3518 4495 3611 4544 ex
3642 4493 3798 4564 pro-

1400 4593 1828 4686 ponentium
1861 4591 2186 4664 arbitrio.

1301 4709 1390 4782 In
1438 4707 1605 4780 DD.
1649 4707 1700 4780 J
1701 4709 1953 4781 oannis
1991 4717 2065 4780 et
2111 4707 2329 4779 Pauli
2376 4709 2547 4780 aede
2590 4730 2793 4781 sacra
2840 4708 2999 4802 ipso
3048 4705 3500 4780 sanctissimo
3556 4703 3798 4776 Pente-

1405 4836 1632 4898 costes
1666 4825 1782 4896 die
1813 4835 1978 4920 post
2009 4824 2403 4910 meridiem,
