4384 5817
1031 523 1120 592 72
1799 519 2269 592 HISTORIA
2314 519 3065 592 EchEslAs'rch

1034 716 1446 807 apostolus3
1499 711 1706 786 testis
1737 711 1814 784 S.
1849 709 2367 796 colomannus,
2410 711 2541 806 qui
2584 711 2883 784 eandem
2928 709 3287 806 evangelii
3320 709 3835 786 dioeeminandi

1033 851 1324 902 causam
1373 827 1644 911 obiens,
1697 825 2101 900 innumeris
2151 827 2429 924 vigiliis
2466 835 2541 898 et
2584 827 2949 900 laboribus
2988 825 3447 920 perronam
3476 837 3841 919 postremo

1031 943 1368 1038 martyrii
1400 943 1716 1036 palmam
1748 941 2052 1035 adeptus
2085 951 2245 1028 est3
2298 943 2505 1015 testis
2536 951 2649 1014 est
2680 941 3057 1016 chilianus
3088 941 3369 1036 primus
3416 941 3581 1014 fidei
3626 941 3841 1014 Chri·

1029 1059 1308 1132 stianae
1340 1079 1598 1151 praeco
1627 1055 1707 1129 in
1739 1055 1876 1130 hac
1910 1055 2316 1130 Franoonia
2346 1067 2619 1140 nostra,
2650 1079 2836 1150 quae
2870 1057 3326 1130 sanctissimo
3360 1059 3581 1130 semel
3606 1056 3837 1151 ipsius

1028 1194 1407 1266 conspersa
1439 1181 1514 1246 et
1545 1172 1854 1270 irrigata
1883 1193 2158 1258 eruore,
2198 1171 2549 1244 foecunda
2578 1180 2655 1246 et
2683 1171 2947 1246 fertilis
2976 1181 3089 1244 est
3120 1172 3447 1258 redditu
3484 1174 3694 1246 testis
3719 1174 3839 1246 de·

1027 1289 1270 1380 nique,
1302 1289 1656 1360 sexcentis
1689 1287 1850 1360 aliis
1881 1287 2174 1370 relictis,
2210 1285 2627 1360 Macharius
2670 1296 2941 1372 noster,
2986 1287 3117 1380 qui
3160 1287 3467 1384 glou-im
3514 1285 3831 1384 fugiens,

1025 1425 1232 1476 carae
1273 1402 1542 1476 oblitus
1583 1404 1862 1496 pati-lae
1905 1425 2080 1475 suae
2121 1401 2202 1474 in
2246 1403 2479 1496 ipsam
2526 1402 2835 1498 gloriam
2864 1401 3241 1474 incurrit?
3336 1399 3627 1474 Verum·
3648 1403 3827 1496 quid

1027 1540 1208 1611 opus
1259 1519 1613 1612 pluribus,
1661 1539 1826 1590 cum
1875 1517 2064 1590 libro
2099 1517 2263 1614 jam
2310 1527 2481 1590 ante
2522 1517 3103 1610 quinquennium
3152 1517 3351 1590 edito
3394 1537 3661 1590 novem
3720 1539 3833 1590 ra·

1026 1634 1346 1708 tionibus
1393 1633 1824 1706 firmissimis
1871 1633 2239 1726 probarim
2286 1631 2615 1727 Anglum
2672 1653 2821 1704 non
2876 1631 3125 1718 fuine,
3182 1633 3311 1706 sed
3366 1630 3687 1717 Scotum.
3742 1657 3835 1708 ex

1025 1749 1102 1820 S.
1138 1749 1495 1834 Mariano,
1529 1758 1604 1821 et
1637 1765 1782 1821 xx.
1819 1749 1984 1820 aliis
2009 1747 2046 1820 ‚⁹
2095 1757 2174 1820 et
2204 1745 2443 1842 quid?
2494 1768 2735 1820 nonne
2776 1745 2907 1820 SS.
2952 1746 3057 1820 ibi
3100 1745 3473 1840 pontifices
3510 1749 3831 1832 maximi,

1024 1885 1264 1937 nonne
1295 1865 1449 1957 ipse
1481 1862 1902 1938 Bonifaeius
1935 1885 2014 1936 se
2045 1861 2343 1936 Scotum
2374 1861 2628 1936 scribit
2647 1860 2684 1933 Ρ
2736 1871 2823 1936 ut
2852 1863 3212 1947 omittam,
3244 1883 3377 1936 nee
3408 1859 3505 1936 R.
3542 1863 3629 1936 Ρ.
3664 1863 3833 1937 eof·

1023 1979 1295 2062 fenum,
1353 2001 1486 2050 nec
1541 1981 1776 2052 ullum
1833 2001 1970 2072 pro
2025 2002 2114 2052 eo
2169 1977 2409 2052 adhue
2460 1977 2531 2048 ei
2588 1975 2775 2050 libro
2830 1977 3305 2071 respondisse,
3362 1997 3529 2050 eum
3586 1989 3829 2052 tamen

1011 2095 1372 2188 jactatum
1420 2094 1664 2178 fuerit,
1713 2107 1884 2168 ante
1933 2115 2254 2168 mensem
2303 2115 2453 2168 non
2484 2090 2907 2166 defuturum
2936 2113 3387 2186 responsum.
3492 2091 3827 2168 Metellus

1025 2207 1528 2306 Tergenensis
1561 2210 1642 2282 in
1675 2209 2197 2294 Quirinalibus,
2233 2219 2444 2283 vetus
2476 2231 2651 2282 sane
2680 2217 2895 2302 poeta
2919 2231 2943 2280 z
3512 2235 3534 2278 r

1629 2337 1978 2398 Recitantur
2001 2357 2178 2418 super
2200 2337 2313 2398 bae
2336 2355 2401 2398 ro
2424 2357 2531 2398 sus
2554 2337 2791 2418 sot-lm,

1627 2432 1786 2494 Data
1811 2431 2102 2514 qnondam
2126 2431 2259 2504 tibi,
2286 2431 2519 2513 praesul
2544 2432 2829 2504 Bonifaei,
2856 2431 3049 2506 Scuto,
3074 2443 3314 2516 martyr.

1123 2547 1596 2622 Nobilissimo
1629 2557 1834 2622 ortus
1867 2570 2128 2645 genere
2169 2547 2372 2621 dedit
2412 2571 2489 2623 se
2530 2549 2881 2626 Mailroso
2920 2553 3079 2626 sive
3126 2552 3447 2628 Melroso
3492 2559 3829 2632 coenobio

1021 2663 1116 2734 D.
1161 2663 1536 2738 Benedicti
1573 2665 1934 2738 institutis
1981 2661 2465 2752 formandum,
2510 2675 2587 2740 et
2626 2669 3114 2766 quadraginta
3156 2671 3369 2744 annis
3412 2673 3589 2746 totis
3632 2695 3829 2767 pere-

1019 2779 1376 2876 grinatus,
1409 2781 1766 2875 martyrio
1797 2789 2180 2854 coronatus
2214 2803 2379 2852 cum
2412 2798 2559 2854 Lu.
2594 2783 2807 2856 sociis
2850 2784 3243 2868 monachis,
3290 2795 3381 2860 ut
3422 2787 3644 2862 refert
3682 2787 3827 2862 Ar-

1017 2895 1212 2970 nold.
1249 2895 1494 2968 Uvion
1529 2897 1658 2968 lib.
1697 2913 1785 2966 11.
1837 2895 2061 2992 Ligni
2095 2894 2253 2969 Vit.
2298 2917 2471 2992 pag.
2504 2915 2755 2970 chn.
2856 2896 3283 2974 Laudsvere
3314 2903 3585 2994 passim
3616 2905 3827 2976 eoele-

1019 3011 1288 3082 siastiei
1323 3019 1674 3094 auctores,
1705 3011 2100 3086 monachus
2133 3009 2681 3106 Egolismensis.
2730 3035 2953 3107 quem
2996 3014 3137 3088 sibi
3170 3013 3509 3113 Rhegino
3542 3015 3827 3092 Prumi-

1019 3127 1210 3198 ensis
1241 3125 1620 3218 proposuit
1651 3127 2032 3212 edendum,
2069 3127 2301 3198 edidit
2332 3125 2683 3200 Pithoeus
2724 3127 2807 3200 in
2851 3125 3031 3202 Vita
3074 3127 3319 3202 Caroli
3364 3129 3623 3228 Magni
3656 3153 3821 3228 pag.

1020 3257 1500 3314 ccxxxvm.
1553 3251 1604 3288 ‘⁶
1627 3241 1934 3316 Sanctae
1955 3241 2343 3314 memoriae
2365 3238 2787 3316 Bonifaeius
2812 3243 3175 3336 martyr.”
3242 3245 3589 3320 Rabanus
3614 3246 3823 3320 Mau·

1019 3377 1148 3428 rus
1181 3357 1258 3428 in
1293 3357 1658 3432 Poematis
1689 3381 1924 3450 nuper
1955 3381 2000 3431 a
2031 3356 2555 3449 Christophoro
2584 3355 2931 3432 Browero
2962 3361 3201 3445 editis,
3232 3383 3435 3434 num.
3470 3379 3619 3434 xx.

1623 3501 1762 3562 Non
1787 3501 1984 3562 minus
2011 3501 2285 3564 exultans
2306 3501 2563 3563 celebrat
2590 3503 2909 3564 Germania
2934 3503 3155 3574 laudes,

1703 3597 1788 3658 Et
1822 3595 2103 3658 Bouifaeii
2127 3617 2277 3678 opus
2300 3597 2573 3678 martyris
2594 3595 2930 3660 almificum.

1627 3691 1888 3754 Ordinst
1912 3691 2072 3754 buno
2101 3692 2305 3762 Roma,
2330 3691 2633 3772 mittitque
2658 3691 2967 3754 Britannis
2990 3707 3179 3756 mater

1699 3787 2016 3849 Ductorem
2045 3788 2278 3870 populis
2301 3787 2411 3850 boe
2437 3786 2615 3848 decus
2636 3785 2929 3850 eeclesiae.

1117 3937 1544 4009 Franciseus
1580 3935 2052 4030 Maurolycus
2083 3937 2305 4010 abbas
2344 3933 2671 4034 [scribit]
2708 3957 2873 4009 eum
2908 3935 3251 4030 Pipinum
3278 3939 3557 4012 Galliae
3578 3963 3817 4039 regem

1017 4053 1334 4134 unxisse,
1353 4050 1668 4145 Mai-tyr.
1693 4049 1812 4122 die
1835 4069 1914 4123 v·
1939 4051 1991 4123 J
1991 4053 2170 4124 unu
2222 4053 2361 4124 Sed
2386 4051 2573 4124 nihil
2596 4052 2829 4124 simile
2853 4053 2931 4126 in
2956 4053 3143 4126 aliis.
3220 4053 3409 4128 Vide
3434 4055 3818 4130 Flnndriae

1023 4161 1508 4263 [scriptorem]
1574 4164 1773 4239 Petr.
1799 4163 2160 4260 Cratepol.
2187 4167 2279 4239 de
2302 4165 2643 4261 Episcop.
2668 4165 3011 4240 German.
3062 4167 3439 4244 Cornelius
3464 4170 3816 4264 Kempius

1015 4281 1486 4354 Doconiensis
1517 4281 1644 4354 lib.
1683 4297 1807 4352 111.
1841 4281 1932 4352 de
1963 4281 2251 4378 Origin.
2280 4279 2683 4356 Frisiorum
2716 4305 2871 4376 cap.
2900 4301 3083 4356 xx1.
3124 4302 3339 4358 xxu.
3376 4301 3629 4358 xxm.
3668 4285 3819 4358 Ha·

1015 4397 1250 4468 drian.
1301 4394 1642 4468 Bal-land.
1709 4393 2010 4468 Gerard.
2037 4395 2535 4493 Noviomagus
2566 4397 2659 4470 de
2688 4397 3028 4494 Episoop.
3064 4398 3459 4495 Trajectin.
3534 4401 3813 4474 Anton.

1015 4511 1496 4584 Demochares
1535 4521 1712 4584 tom.
1757 4528 1849 4588 11.
1888 4511 1980 4584 de
2019 4510 2231 4584 Miss.
2274 4510 2527 4586 Sacris.
2570 4535 2727 4606 esp.
2762 4531 3067 4586 xxxlv·
3112 4515 3208 4588 ab
3248 4515 3413 4588 aliis
3456 4515 3813 4598 dissentit,

1011 4627 1144 4720 qui
1200 4643 1412 4698 xvu.
1465 4624 1788 4722 Trajeeti
1841 4626 2243 4700 antistitem
2298 4625 2495 4710 facit,
2552 4651 2717 4702 cum
2760 4629 2925 4702 aliis
2969 4630 3067 4703 sit
3114 4649 3202 4702 11.
3302 4631 3813 4725 Apostolatum

1013 4755 1224 4835 poeta
1255 4761 1658 4836 anonymus
1689 4745 1794 4817 sic
1823 4741 2176 4816 celebrat:
3702 4755 3709 4762 '
