4384 5817
1168 603 1527 674 GENTIS
1574 603 2137 686 SCOTORUM,
2182 603 2368 672 LIB,
2416 603 2540 670 VI.
3139 603 3270 672 289

459 825 561 888 so,
612 819 1022 884 conversus,
1068 799 1325 870 mundi
1356 819 1697 893 pompam
1746 821 1831 870 ac
1877 797 2161 894 generis
2211 799 2327 869 sui
2377 796 2828 889 splendorem
2869 792 3265 889 negligens,

460 920 536 990 in
570 917 907 1012 Belgium
940 916 1363 1011 navigavit:
1415 926 1492 987 at
1538 917 1617 988 in
1656 923 1985 988 sanctum
2019 914 2553 1007 Capucinorum
2603 913 2965 984 cucullum
3013 933 3092 983 se
3141 911 3266 983 ab·

458 1037 657 1119 dens,
706 1032 909 1105 brevi
956 1032 1280 1115 fratrem,
1326 1033 1663 1125 opinione
1706 1031 2131 1116 sanctitatis,
2182 1030 2275 1102 ad
2325 1052 2402 1102 se
2451 1038 2694 1102 tamen
2744 1029 2838 1101 ab
2884 1027 3264 1100 haereticis

458 1152 761 1222 missum
792 1158 881 1220 ut
912 1148 1081 1220 inde
1114 1149 1547 1233 extraheret,
1578 1159 1669 1220 ut
1699 1149 2007 1221 eundem
2048 1148 2378 1220 habitum
2429 1147 2783 1231 indueret,
2831 1146 3144 1229 induxit,
3191 1154 3267 1217 et

456 1276 761 1359 uterque
818 1263 1220 1336 incredibili
1274 1262 1557 1338 fervore
1610 1265 1767 1338 Deo
1832 1265 2288 1349 servierunt3
2349 1270 2424 1336 et
2481 1264 2722 1335 senior
2788 1263 3078 1355 quidem
3144 1262 3265 1333 hic

456 1392 701 1455 noster
732 1406 778 1453 a
807 1381 1137 1476 patribus
1184 1382 1359 1465 suis,
1404 1389 1481 1452 et
1524 1405 1569 1454 a
1612 1391 1771 1455 tota
1814 1382 2108 1454 ecclesia
2149 1379 2404 1453 beatus
2447 1379 2762 1464 habitus,
2813 1378 3006 1450 diem
3055 1377 3266 1451 Insu-

456 1501 545 1572 lis
578 1501 659 1570 in
690 1498 1041 1572 Flandria
1070 1498 1151 1568 in
1182 1496 1503 1572 Domino
1534 1500 1816 1573 clausit.
1917 1496 2098 1570 Vita
2128 1497 2288 1593 ejus
2313 1517 2546 1595 nuper
2577 1494 2774 1566 edita
2803 1495 2942 1568 sub
2973 1495 3264 1567 nomine

453 1612 683 1690 Alter
715 1609 997 1688 Alexis
1026 1621 1331 1707 prostat,
1378 1617 1505 1687 sed
1536 1639 1671 1712 ego
1702 1639 1851 1688 non
1884 1615 2063 1687 vidi.
2162 1613 2414 1708 Atque
2459 1613 2553 1686 ab
2595 1634 2680 1685 eo
2725 1633 2898 1684 sane
2941 1609 3264 1684 Thomas

454 1733 929 1825 Dempsterus
991 1730 1397 1802 subsidium
1454 1733 1753 1804 coelitus
1820 1741 1895 1806 et
1950 1731 2136 1826 petit
2191 1739 2268 1804 et
2323 1736 2678 1823 expectat,
2737 1727 2885 1802 fuit
2943 1728 3138 1800 enim
3195 1727 3262 1799 ei

454 1871 583 1943 per
632 1848 1159 1942 Bolquhamiae
1227 1845 1563 1922 Leslaeos
1622 1850 2139 1934 consobrinus;
2190 1849 2476 1920 utinam
2525 1854 2602 1918 et
2647 1845 2729 1918 in
2777 1844 2992 1918 coelis
3039 1845 3266 1918 inter-

455 1965 723 2040 oessor!
794 1963 1037 2038 Aiunt
1067 1964 1276 2035 illum
1309 1963 1512 2036 brevi
1546 1989 1593 2037 a
1624 1965 1957 2038 Romano
1985 1962 2325 2059 pontifice
2357 1971 2776 2036 sanctorum
2807 1963 2974 2036 albo
3005 1983 3262 2059 aggre-

460 2083 803 2180 gaudum.

548 2197 882 2271 Decessit
910 2198 1103 2270 cirea
1133 2218 1407 2270 annum
1444 2217 1838 2272 Mnxcvn.

1396 2429 1976 2504 FRANCISCU
1976 2429 2051 2501 S.
2156 2434 2328 2509 527.

456 2667 536 2740 M
542 2684 834 2738 ARTYR
901 2664 1353 2748 Franciscus,
1418 2664 1814 2737 monachus
1882 2663 2010 2736 SS.
2084 2663 2476 2737 Trinitatis
2541 2687 2676 2758 pro
2745 2664 3264 2758 Redemptione

453 2783 973 2878 Captivorumt
1058 2805 1222 2855 cum
1288 2780 1631 2853 haeretici
1696 2780 2249 2854 Aberdonenses
2315 2780 2396 2853 in
2465 2783 2986 2854 monasterium
3051 2802 3266 2852 suum

452 2901 725 2973 furioso
781 2901 1111 2972 incendio
1170 2897 1800 2983 debaccharentur,
1862 2919 2029 2970 cum
2085 2899 2304 2970 vellet
2357 2900 2612 2971 salutis
2667 2900 3071 2982 admonere,
3121 2898 3270 2990 pri-

452 3039 573 3087 mo
606 3016 999 3087 visceribus
1046 3013 1435 3096 transfixiS,
1488 3013 1745 3084 deinde
1791 3035 1923 3106 per
1969 3014 2242 3112 gradus
2291 3037 2585 3108 corpore
2633 3015 3123 3109 praecipitato,
3175 3014 3272 3084 ad

456 3133 799 3204 ultimum
856 3131 938 3202 in
986 3130 1233 3226 ignem
1282 3130 1537 3202 multis
1588 3129 1998 3204 confossum
2050 3130 2474 3204 vulneribus
2524 3132 2974 3228 injecerunt;
3036 3139 3111 3202 et
3167 3130 3272 3202 sic

454 3251 795 3320 innocens
866 3247 983 3318 vir
1050 3255 1369 3331 sanctus,
1430 3269 1723 3318 eversae
1790 3247 2038 3320 elimin
2046 3255 2350 3341 ataeque
2401 3248 2693 3340 pietatis
2759 3248 2968 3319 testis
3025 3246 3269 3320 verius

453 3387 675 3457 quam
710 3364 1001 3446 vindex,
1034 3361 1265 3434 vitam
1301 3363 1591 3434 veritati
1640 3363 1977 3448 reddidit,
2032 3365 2408 3436 meliorem
2453 3385 2619 3436 cum
2661 3387 2746 3436 ea
2789 3373 3272 3438 commutatu-

456 3504 607 3554 rus.
700 3477 1073 3551 Gilbertus
1104 3476 1427 3549 Brunus.

556 3597 827 3670 Passus
855 3603 973 3668 est
1002 3615 1197 3668 anno
1232 3611 1540 3666 unux.

1224 3827 1790 3902 DUNCANUS
1842 3830 2223 3905 FERNE.
2251 3903 2254 3908 ,
2325 3835 2496 3905 528.

458 4063 929 4138 DUNcANUs
968 4064 1203 4137 Ferne
1236 4062 1518 4149 Scotus,
1552 4063 1681 4136 diu
1718 4064 2017 4138 Parisiis
2051 4066 2276 4138 bonas
2311 4072 2502 4138 artes
2534 4065 2924 4159 professus,
2955 4069 3271 4142 maxime

460 4181 1014 4276 philosophiam,
1049 4192 1123 4252 et
1156 4180 1377 4252 ditior
1410 4179 1669 4265 factus,
1702 4181 1983 4256 scholas
2016 4183 2359 4267 nationis,
2393 4182 2782 4277 impetrato
2804 4209 2850 4256 a
2871 4206 3042 4283 rege
3075 4198 3272 4260 certo
3427 4225 3432 4232 ·
3571 4213 3582 4228 ·

462 4320 705 4381 censu,
738 4298 1017 4389 primus
1052 4295 1439 4390 reparavit.
1534 4294 1799 4367 Rober.
1838 4297 2266 4396 Conglettus
2297 4299 2378 4370 in
2412 4298 2853 4394 compendio
2887 4300 3273 4402 Privilegi-
3361 4319 3370 4324 ·

464 4436 668 4486 orum
697 4411 1153 4484 Academiae.
1234 4411 1501 4484 Postea
1524 4412 1777 4483 doctor
1804 4412 2164 4489 Sorbonae
2190 4425 2496 4501 creatus,
2529 4438 2818 4490 summa
2848 4421 3270 4494 eruditionis

463 4527 801 4623 opinione
837 4529 1045 4601 vixit.
1149 4527 1342 4622 Ejus
1376 4537 1585 4600 sunt:

759 4645 883 4717 Ad
917 4642 1195 4740 Regem
1228 4666 1363 4736 pro
1396 4643 1793 4716 Academia
2287 4647 2412 4722 lib.
2451 4668 2504 4722 1.

762 4760 855 4834 In
886 4758 1259 4854 Epistolas
1293 4758 1389 4830 D.
1436 4760 1641 4831 Pauli
1677 4783 1924 4832 omnes
2285 4763 2457 4837 libri
2511 4767 2726 4842 multi
2783 4767 2999 4841 MSS.
3043 4768 3124 4841 in
3168 4770 3274 4842 bi-

857 4876 1215 4950 bliotheca
1251 4873 1325 4948 S.
1361 4874 1683 4950 Victoris
1716 4877 2007 4965 ibidem,
2039 4885 2127 4951 ut
2158 4880 2236 4952 in
2267 4882 2522 4956 indice.
