4384 5817
1027 477 1157 540 252
1790 471 2258 552 HISTORIA
2301 471 3050 544 ECCLESIASTICA

1030 687 1203 758 pum
1255 613 1443 737 facit·
1478 662 1745 748 Uvion,
1795 665 1920 738 sed
1964 666 2200 736 locum
2244 687 2392 736 non
2438 665 2800 758 exprimit.
2902 663 3430 738 Cameracensis
3478 667 3808 746 historio-

1029 781 1393 874 graphus:
1446 788 1492 822 ‘⁸
1531 777 1620 849 In
1670 778 1865 850 Villa
1916 778 2190 852 Fescau
2241 777 2314 852 S.
2353 778 2532 854 Etto
2565 779 2818 854 Scotus
2851 782 2970 874 pie
3002 791 3461 855 conversatus
3484 785 3550 868 ;”
3609 797 3806 860 notat

1036 895 1555 968 Constantinus
1589 892 1925 968 Ghinius.

1942 1093 2017 1166 S.
2068 1091 2620 1165 EUCHINUS.
2723 1090 2893 1166 461.

1028 1243 1156 1314 DE
1193 1243 1266 1314 S.
1304 1241 1639 1315 Euchino
1671 1243 1995 1316 antistite
2032 1241 2244 1315 Hect.
2281 1241 2630 1314 Boethius
2655 1241 2787 1315 lib.
2823 1261 3004 1315 vnl.
3043 1243 3238 1315 Hist.
3275 1241 3470 1317 Scot.
3515 1247 3596 1317 in
3629 1247 3810 1320 fine:

1031 1368 1075 1401 ‘⁶
1107 1357 1311 1431 Inter
1340 1367 1695 1430 nostrates
1728 1358 2190 1442 Colmannus,
2223 1357 2539 1438 Priscus,
2575 1357 2953 1444 Medanus,
2987 1357 3369 1444 Modanus,
3419 1371 3494 1434 et
3542 1362 3808 1436 Euchi-

1027 1495 1190 1556 nus,
1226 1475 1555 1566 episcopi,
1604 1472 1877 1546 Christi
1923 1473 2279 1570 dogmatis
2325 1493 2456 1566 per
2503 1471 2880 1546 Scotorum
2929 1485 3004 1548 et
3053 1475 3424 1548 Pictorum
3463 1499 3678 1574 agros
3708 1481 3806 1573 pii

1030 1589 1620 1662 concionatores.”
1720 1589 1908 1685 Ejus
1942 1599 2160 1664 sunt:
3399 1636 3404 1645 -

1322 1704 1713 1778 Conciones
1744 1706 1907 1799 piae
2806 1704 2931 1777 lib.
2969 1723 3022 1777 1.

1322 1817 1611 1892 Statuta
1644 1819 2145 1894 Ecclesiastica
2809 1821 2933 1893 lib.
2973 1839 3026 1892 1.

1126 1933 1411 2007 Floruit
1441 1957 1631 2007 anno
1665 1953 2027 2008 nxxxw.
2129 1935 2220 2006 In
2265 1933 2391 2006 SS.
2437 1935 2678 2007 album
2724 1937 3032 2008 relatum
3081 1937 3330 2010 scribit
3377 1935 3431 2008 J
3429 1960 3589 2012 oan.
3643 1938 3806 2012 1.ae-

1028 2054 1223 2123 laeus
1253 2051 1381 2123 lib.
1421 2069 1729 2147 1V..pag.
1768 2069 2085 2124 cxnvn.
2188 2050 2472 2122 Colitur
2505 2067 2811 2122 xxvm.
2846 2049 3194 2148 Augusti.

1935 2282 2009 2353 S.
2060 2279 2645 2353 EUSTASIUS.
2749 2278 2916 2353 462.

1026 2514 1099 2584 S.
1136 2513 1612 2597 Euswasms,
1646 2535 1773 2585 seu
1806 2511 2246 2586 Eustachius
2291 2520 2377 2583 ut
2411 2509 2663 2595 fertur,
2707 2510 2782 2583 S.
2817 2511 3344 2585 columbanum
3383 2516 3808 2610 magistrum

1026 2650 1239 2701 suum
1270 2630 1353 2699 in
1384 2627 1655 2700 Gallias
1696 2637 2007 2701 secutus.
2110 2627 2406 2699 Scotum
2439 2627 2696 2720 probat
2728 2626 2905 2699 Vita
2939 2628 3136 2700 illius
3169 2631 3398 2700 sancti
3431 2633 3804 2727 magistri3

1028 2767 1221 2829 nam,
1260 2745 1411 2841 [uti
1444 2741 1709 2839 tradit]
1755 2743 1981 2816 Jonas
2026 2745 2105 2818 in
2150 2766 2256 2827 ea,
2301 2765 2456 2834 cap.
2493 2759 2682 2814 xl11.
2727 2751 2802 2816 et
2844 2766 2998 2836 cap.
3047 2761 3297 2816 xxnl.
3331 2748 3648 2842 relegato
3679 2747 3808 2820 Co-

1026 2861 1387 2946 lumbano,
1421 2861 1615 2934 Scoti
1651 2861 1785 2933 soli
1819 2883 1987 2933 eum
2018 2861 2224 2954 sequi
2267 2859 2643 2954 permissi;
2691 2867 2850 2932 tum
2893 2859 3033 2945 hic,
3067 2883 3230 2932 cum
3269 2862 3633 2934 debuisset
3668 2865 3807 2934 dis-

1030 2975 1297 3060 cedere,
1331 2977 1425 3050 ab
1456 2980 1836 3061 avunculo,
1886 2978 2016 3070 qui
2066 2976 2412 3074 Lugduni
2453 2975 2738 3048 Clanati
2781 2976 3175 3069 episcopua,
3220 2987 3590 3052 retentus:
3641 3002 3806 3075 ergo

1026 3088 1279 3162 Gallus
1324 3114 1471 3164 non
1513 3092 1680 3177 fuit,
1721 3115 1891 3165 nam
1950 3093 2125 3166 alias
2183 3093 2360 3186 quid
2415 3090 2672 3162 fuisset
2731 3113 2910 3184 opus
2960 3092 3386 3166 auctoritate
3435 3095 3802 3188 episcopi?

1028 3204 1212 3278 Vide
1244 3205 1495 3280 Vitam
1528 3207 1602 3280 S.
1638 3207 1981 3282 Walerici
2018 3221 2200 3280 tom..
2231 3225 2320 3279 11.
2354 3207 2552 3279 Surii
2590 3222 2641 3276 Ι.
2675 3204 2914 3300 April.
3016 3205 3320 3299 Scripsit

1322 3323 1752 3396 Columbani
1783 3324 1936 3397 Iter
1968 3321 2142 3398 dum
2174 3325 2257 3396 in
2287 3323 2584 3395 exilium
2617 3322 3180 3414 proficisceretur
3339 3323 3462 3394 lib.
3501 3343 3553 3395 1.
3653 3323 3805 3397 An-

1422 3453 1571 3516 ton.
1610 3443 1978 3515 Possevin.

1128 3557 1382 3639 Qualis
1414 3558 1534 3629 ille
1564 3557 1809 3641 fuerit,
1844 3575 1918 3630 et
1961 3564 2275 3650 quantus
2309 3556 2446 3640 vir,
2494 3575 2586 3626 ex
2633 3555 3041 3628 auctoribus
3087 3553 3466 3627 laudandis
3513 3556 3804 3648 patebit.

1030 3669 1253 3743 Jonas
1302 3674 1379 3743 in
1427 3672 1727 3765 praefat.
1786 3674 1878 3746 ad
1922 3671 2171 3746 Vitam
2220 3671 2670 3754 Columbani,
2717 3671 2821 3741 sic
2868 3671 3109 3742 enim:
3161 3679 3205 3713 “
3249 3670 3452 3752 Quae
3501 3693 3634 3744 nos
3683 3693 3810 3764 per

1031 3789 1471 3859 venerabiles
1518 3789 1713 3860 viros
1760 3787 2088 3861 Attalam
2137 3797 2213 3859 et
2255 3785 2680 3858 Eustasium
2724 3785 3124 3871 didicimus,
3171 3807 3480 3880 quorum
3528 3788 3804 3880 primus

1029 3900 1428 3985 Bobiensis,
1464 3904 1813 3976 secundus
1847 3903 2328 3976 Luxoviensis
2361 3902 2704 3985 coenobii,
2735 3925 2882 3997 quo
2915 3923 3044 3974 vos
3076 3905 3437 3995 praesules
3471 3903 3803 3984 existitis,

1032 4039 1465 4089 successores
1497 4018 1855 4090 fuerunt.”
1953 4017 2322 4111 Anonym.
2357 4019 2436 4088 in
2468 4016 2644 4089 Vita
2689 4017 2994 4089 Faronis
3029 4019 3337 4110 episcopi
3373 4019 3807 4090 Meldensis:

1032 4140 1077 4173 ‘⁴
1110 4131 1521 4205 Walbertus
1555 4156 1601 4204 a
1634 4133 1707 4204 S.
1742 4133 2212 4218 Columbano‚
2259 4155 2423 4204 cum
2455 4133 2680 4205 fratre
2723 4133 3184 4216 Chalnoaldo,
3229 4143 3304 4205 et
3347 4133 3555 4206 beato
3587 4131 3810 4228 Agilo

1032 4247 1179 4318 filio
1211 4243 1595 4341 Agnoaldi,
1628 4250 1757 4341 qui
1788 4249 1929 4321 fuit
1973 4247 2319 4344 Aguerici
2363 4247 2610 4332 frater,
2655 4249 2966 4322 traditus
3015 4259 3123 4321 cst
3157 4246 3576 4331 Eustachio,
3609 4269 3807 4344 mag-

1031 4387 1165 4436 nae
1198 4364 1561 4435 doctrinae
1594 4373 1665 4436 et
1700 4365 2099 4436 sanctitatis
2136 4365 2318 4448 viro,
2353 4366 2719 4460 ipsiusque
2745 4363 3170 4436 Columbani
3203 4364 3575 4456 discipulo,
3603 4365 3810 4434 insti-

1032 4479 1406 4553 tuendus.”
1439 4477 1817 4550 Walafrid.
1854 4477 2091 4550 Strab.
2127 4479 2203 4548 in
2238 4478 2412 4550 Vita
2447 4477 2635 4550 Galli
2669 4478 2976 4551 Abbatis
3001 4499 3152 4570 cap.
3183 4495 3453 4548 xxvn.
3489 4485 3536 4519 ‘⁸
3559 4477 3806 4549 Abbas

1030 4595 1444 4668 monasterii
1476 4596 1669 4686 quod
1703 4593 2115 4666 Luxovium
2156 4593 2440 4678 dicitur,
2486 4595 2770 4666 nomine
2813 4591 3272 4675 Eustachium
3319 4613 3534 4684 quem
3579 4593 3805 4664 bonae

1032 4711 1412 4782 memoriae
1434 4708 1918 4783 Columbanus
1938 4710 2169 4782 eidem
2184 4709 2338 4781 loco
2357 4709 2716 4801 praefecit,
2726 4708 2819 4781 ab
2837 4707 3058 4804 hujus
3078 4706 3293 4780 exilio
3305 4707 3496 4780 vitae
3515 4707 3605 4778 ad
3623 4729 3806 4780 sem·
