4384 5817
1227 576 1582 645 GENTIS
1631 574 2189 686 scoToszM‚
2239 575 2419 645 LIB.
2464 576 2594 643 111.
3170 576 3299 643 177

501 771 900 844 nasterium
968 766 1526 862 Tunglandiam,
1600 790 1645 837 a
1709 775 1914 859 patre
1981 789 2112 838 suo
2178 789 2325 837 non
2391 768 2496 838 ita
2550 767 2829 858 pridem
2889 765 3295 849 fundatum,

501 889 794 970 abdidit,
855 885 1228 980 religiosae
1287 883 1550 975 quietis
1607 884 1933 975 cupiduS,
1995 883 2121 954 ubi
2181 881 2727 954 cisterciensem
2798 883 3127 955 habitum
3190 902 3298 950 as-

499 1004 831 1096 sumpsit,
866 1013 941 1075 et
975 1000 1508 1072 sanctissimum
1540 999 1620 1068 in
1653 1023 1736 1070 eo
1769 998 1982 1070 finem
2030 1009 2138 1071 est
2183 1008 2629 1070 consecutus·
2733 998 3015 1070 Delirat
3064 997 3301 1068 erudi-

497 1121 713 1190 tionis
747 1120 983 1190 omnis
1019 1116 1470 1208 antiquariae
1503 1115 1892 1185 rudissima
1923 1116 2160 1186 bellua
2207 1112 2257 1183 J
2258 1137 2523 1184 oannes
2572 1117 2904 1186 Pitsa'eus
2952 1136 3115 1184 cum
3162 1132 3297 1182 suo

495 1233 836 1319 Lelando,
891 1255 1106 1326 quem
1161 1251 1534 1322 nunquam
1595 1230 1801 1311 vidit,
1861 1240 1988 1303 aut
2047 1232 2288 1302 verius
2348 1252 2512 1300 cum
2564 1230 2832 1301 Balaeo
2884 1229 3299 1321 improbita-

497 1350 590 1419 tis
659 1351 894 1421 omnis
962 1347 1374 1429 architecto,
1434 1347 1640 1440 cujus
1708 1345 2073 1419 foeditatis
2132 1353 2420 1417 tantum
2480 1354 2809 1416 ramenta
2866 1345 3161 1438 colligit,
3229 1351 3301 1412 et

495 1463 688 1534 hunc
746 1473 1080 1536 nostrum
1139 1461 1468 1556 Anglum
1529 1459 1726 1544 facit,
1795 1472 1868 1533 et
1927 1464 2005 1532 in
2068 1462 2409 1532 Buriensi
2478 1463 2813 1532 coenobio
2880 1459 3299 1532 defunctum

499 1582 679 1664 vult,
751 1602 918 1652 cum
983 1567 1284 1650 historia
1363 1577 1710 1646 comitum
1787 1577 2273 1649 Galweiorum
2348 1587 2593 1668 aperte
2666 1601 2752 1649 ea
2826 1599 3010 1670 quae
3092 1575 3300 1666 posui

495 1694 886 1780 confirmet,
945 1704 1236 1765 auctore
1302 1689 1544 1762 Alano
1605 1690 2034 1776 Turonensi,
2096 1696 2303 1789 cujus
2362 1691 2770 1787 fragmenta
2827 1694 3113 1764 erudita
3178 1695 3302 1765 ha-

499 1811 628 1882 beo
661 1833 752 1882 ex
785 1833 958 1882 cura
991 1809 1334 1880 Richardi
1373 1805 1632 1879 Bruni.
1737 1806 1878 1878 Sed
1911 1818 2067 1880 tota
2100 1811 2376 1899 ineptia
2409 1820 2521 1880 est
2554 1810 2859 1880 Bostoni
2895 1811 3297 1896 Buriensis,

505 1947 718 1997 suum
773 1924 1238 2019 professionis
1287 1926 1526 1995 locum
1579 1924 1960 1996 nobilitare
2009 1925 2385 2016 cupientis.
2493 1923 2797 2016 Scripsit
2844 1947 3016 1996 vero
3066 1925 3301 1998 Cadu-

503 2063 718 2113 canus

795 2157 1180 2248 Speculum
1214 2153 1796 2226 Christianorum
2388 2155 2512 2226 lib.
2554 2173 2604 2227 1.

793 2271 1284 2342 Homiliarum
2390 2270 2515 2343 lib.
2556 2291 2608 2342 1.

590 2388 906 2462 Vivebat
939 2409 1130 2458 anno
1165 2403 1545 2458 MCCXXV.
1650 2386 1934 2458 Colitur
1965 2404 2113 2456 xx.
2147 2385 2201 2456 J
2200 2408 2451 2458 anuar.

1507 2615 2015 2689 CLEMENS.
2120 2621 2293 2694 30⁹7.

509 2853 800 2924 PAULO
837 2857 1003 2920 ante
1053 2848 1310 2920 horum
1363 2856 1688 2939 tempora
1735 2847 2069 2920 Clemens
2119 2847 2303 2918 alius
2355 2849 2627 2944 insigni
2672 2853 2961 2922 nomine
3009 2860 3299 2946 gentem

507 2989 712 3039 suam
767 2965 1256 3049 dedecorabat,
1320 2967 1448 3056 qui
1511 2987 1596 3034 ea
1657 2986 1984 3058 egressus
2048 2964 2399 3036 bonarum
2462 2965 2730 3036 artium
2782 2989 2953 3060 ergo
3004 2968 3082 3038 in
3133 2967 3303 3039 Gal-

497 3085 627 3154 lias
695 3081 1003 3176 trajecit,
1071 3081 1380 3172 indeque
1448 3081 1528 3150 in
1593 3081 2037 3170 superiorem
2105 3079 2568 3152 Germaniam
2626 3105 3072 3178 progressuS,
3144 3108 3305 3178 gra·

499 3221 660 3272 vem
723 3218 890 3269 cum
947 3194 1326 3267 Bonifacio
1386 3196 1542 3267 cive
1601 3217 1754 3278 sun,
1825 3195 2256 3291 Moguntiae
2322 3197 2872 3291 archiepiscope,
2942 3210 3305 3272 concerta-

363 3375 368 3382 .
498 3315 770 3387 tionem
838 3312 1174 3403 suscepit.
1278 3309 1697 3406 Cognomen
1771 3311 1906 3382 hoc
1973 3313 2038 3383 ei
2115 3312 2339 3382 fuisse
2418 3323 2735 3406 apparet,
2816 3337 2985 3385 nam
3053 3338 3306 3386 revera

498 3429 842 3502 Claudius
911 3429 1131 3498 etiam
1217 3428 1286 3517 ei
1368 3449 1654 3511 nomen,
1739 3451 1954 3520 quem
2037 3428 2406 3499 haereseos
2474 3430 2768 3500 damnat
2837 3431 3301 3502 Sebastianus

496 3541 815 3638 Medices
885 3545 962 3614 in
1017 3542 1318 3615 Summa
1373 3546 1696 3614 omnium
1751 3543 2182 3615 Haeresium
2232 3545 2309 3613 in
2360 3545 2576 3616 verbo
2626 3541 3045 3640 baptismus,
3094 3556 3167 3617 et
3224 3548 3300 3617 in

497 3662 716 3734 verbo
766 3655 1019 3730 oratio.
1143 3657 1454 3731 Balaeus
1514 3663 1672 3731 vult
1730 3662 1938 3731 illum
1997 3662 2074 3730 in
2129 3659 2479 3754 Catalogo
2542 3661 3089 3734 Haereticorum
3138 3685 3301 3734 cen-

495 3778 636 3848 seri
685 3799 731 3846 a
775 3775 1150 3846 Bernardo
1196 3773 1752 3871 Lutzenburg03
1806 3777 1931 3847 sed
1981 3777 2182 3847 abest
2233 3798 2278 3845 a
2326 3777 2563 3846 codice
2612 3799 2793 3861 meo,
2843 3779 2971 3869 qui
3024 3780 3293 3869 prodiit

498 3891 798 3963 Parisiis
863 3891 1057 3982 apud
1119 3889 1172 3960 J
1173 3913 1480 3963 oannem
1549 3890 1870 3963 Parvum
1935 3892 2072 3963 sub
2137 3892 2345 3985 signo
2415 3889 2588 3962 Lilii
2656 3915 2845 3964 anno
2918 3911 3289 3966 MDXXIV.

493 4015 578 4079 ut
643 4008 962 4098 suspicer
1027 4017 1278 4098 postea
1343 4007 1694 4078 insertum
1755 4032 1798 4079 a
1856 4008 2206 4078 malevolo
2274 4007 2613 4098 quopiam
2679 4010 2952 4103 gloriae
3016 4018 3295 4080 nostra-

498 4124 680 4194 tium
728 4122 998 4192 invido.
1105 4121 1304 4193 Eum
1338 4123 1418 4192 in
1465 4131 1832 4193 senectute
1877 4123 2262 4214 resipuisse
2308 4124 2465 4191 vult
2514 4121 3077 4216 christophorus
3116 4125 3295 4197 Bro-

495 4261 730 4310 werus
779 4239 859 4308 in
909 4239 1428 4310 monasterium
1477 4238 1864 4320 intrusum,
1916 4239 2006 4308 ad
2057 4238 2404 4308 Poemata
2447 4237 2730 4308 Rabani
2780 4263 2946 4334 pag.
2997 4259 3292 4313 cxvnl.

497 4353 606 4424 De
642 4376 728 4424 eo
760 4353 1230 4447 intelligenda
1264 4362 1436 4424 sunt
1471 4377 1554 4423 ea
1587 4375 1676 4423 ex
1711 4353 1868 4424 MS.
1905 4354 2140 4424 codice
2181 4354 2261 4422 in
2297 4353 2541 4424 Indice
2574 4351 2947 4426 Abbatum
2982 4357 3297 4428 Fulden-

495 4489 700 4540 sum:
759 4479 804 4510 “
838 4467 1220 4540 Rabanum
1257 4476 1331 4538 et
1379 4467 1774 4538 Hattonem
1822 4467 2210 4540 Thuronos
2257 4470 2522 4540 direxit
2567 4471 2659 4542 ad
2706 4469 3111 4543 Albuinum
3150 4496 3299 4543 ma-

495 4583 831 4679 gistrum,
901 4584 1138 4678 gratia
1203 4582 1531 4653 liberales
1593 4582 1908 4654 discendi
1974 4595 2188 4668 artes,
2258 4586 2679 4657 Brunonem
2737 4596 2810 4657 et
2866 4586 3295 4673 Einardum,

495 4700 860 4771 variarum
912 4700 1178 4770 artium
1241 4698 1604 4770 doctorem
1664 4700 2207 4789 peritissimum,
2268 4701 2679 4772 Modestum
2742 4713 2816 4774 et
2866 4702 3295 4788 Candidum,

496 4835 659 4886 cum
709 4815 892 4898 aliis,
939 4814 1030 4884 ad
1065 4813 1506 4887 Clementem
1553 4813 1868 4900 Scotum,
1908 4817 2419 4910 grammaticae
2464 4817 2799 4889 studendi
2831 4817 3117 4912 gratia:
3173 4821 3297 4890 sed
