4384 5817
2040 507 2137 605 *V

710 712 1065 817 salutem
1121 740 1234 817 ac'
1274 713 1534 816 vitam
1596 732 1686 815 in
1714 714 2130 816 'beneficii
2188 722 2674 843 gratiaeque
2685 754 2697 765 ··
2737 730 2924 815 loco
2984 730 3476 845 deposcere3

695 868 875 973 'q‘ua
941 862 1410 973 impetrata,
1468 848 2021 945 nihilominus
2080 863 2414 945 obtorta
2471 859 2672 972 gula
2731 856 3052 973 a'brep'ti
3119 872 3322 945 sunt
3385 862 3478 945 in

696 991 1011 1074 turrim
1048 991 1679 1103 campanariam,
1730 990 2017 1101 ibique
2066 988 2558 1101 aliquandiu
2611 990 2701 1072 in
2751 988 3108 1074 vinculis
3155 989 3473 1085 habiti3

706 1120 853 1203 sed
892 1146 997 1202 ex
1032 1120 1135 1203 iis
1172 1120 1515 1203 tandem
1556 1120 1947 1230 exempti,
1986 1119 2093 1201 de
2131 1118 2496 1201 hominis
2533 1119 2708 1201 vita
2745 1131 2833 1201 et
2867 1120 3262 1219 moribus,
3317 1132 3482 1203 tes-

704 1260 831 1331 tes
868 1248 1215 1333 idoneos
1249 1248 1901 1359 interrogandoe,
1940 1271 2400 1357 eorumque
2437 1246 2668 1329 dicta
2703 1245 2792 1328 in
2825 1245 3200 1357 publicas
3237 1248 3481 1330 tabu-

704 1374 826 1460 las
864 1378 1303 1462 referenda
1338 1388 1767 1461 curarunt.
1881 1377 2156 1467 Quam
2197 1386 2570 1459 exortam
2613 1376 2702 1458 in
2749 1402 2839 1457 se
2891 1386 3478 1486 tempestatem

704 1516 803 1589 u't
843 1506 1217 1606 evitaret,
1258 1504 1806 1617 ianngliam,
1844 1517 2249 1616 tanquam
2287 1496 2388 1587 in⁶
2415 1502 3214 1615 portum,'confugit.
3307 1504 3476 1589 Ubi

706 1662 877 1718 non
926 1636 1181 1719 modo
1212 1647 1521 1719 'tutum
1572 1637 1678 1718 ab
1722 1634 2362 1719 insectatoribus
2409 1634 2581 1716 suis
2631 1632 3134 1743 perfugium,
3161 1660 3476 1717 ·verum

706 1764 957 1847 etiam
1018 1763 1459 1849 mulierem
1522 1776 1819 1848 nactus
1884 1774 2032 1862 est,
2092 1763 2361 1845 forma
2417 1774 2506 1846 et
2563 1759 2812 1845 vultu
2869 1763 3080 1845 adeo
3129 1760 3478 1862 liberali,

702 1892 908 1975 adeo
963 1904 1339 1993 venusto,
1384 1904 1505 1975 ut·
1541 1892 1757 1977 nihil
1806 1920 2079 2005 supra,-
2114 1909 2388 2003 -quam
2437 1891 2530 1973 in
2584 1892 2872 1975 uxoris
2923 1890 3226 1975 habuit
3271 1889 3478 1980 loco.

690 2010 941 2111 'Quae
974 2021 1301 2122 mulier,
1342 2032 1556 2121 cum,
1593 2020 1783 2107 luce
1822 2022 2212 2134 quadam,
2274 2020 2632 2119 Parisiis,
2690 2046 2862 2131 quo
2911 2048 3203 2103 rursus
3254 2019 3482 2102 Tho-

700 2178 876 2235 mas
936 2180 1129 2235 cum
1176 2160 1288 2235 'ea
1348 2178 1437 2235 se
1496 2163 1941 2263 receperat,
2010 2161 2450 2260 conspecta
2489 2147 2746 2249 esset,
2811 2160 2900 2232 et
2959 2150 3162 2261 quia
3211 2150 3482 2233 forma

702 2282 1193 2391 praestabat,
1230 2291 1335 2363 ut
1370 2279 1764 2379 diximus»,
1823 2292 1913 2364 et
1964 2280 2167 2391 quia
2216 2279 2518 2362 habitu
2568 2290 2752 2363 erat
2789 2278 3477 2373 ·dementissimo;

702 2436 893 2491 nam
908 2420 1033 2492 et
1082 2420 1377 2520 pectus
1428 2419 1519 2492 et
1568 2408 1966 2529 scapulas,
2019 2408 2242 2491 nive
2263 2408 2442 2519 ipsa
2492 2407 3044 2507 candidiores,
3097 2407 3478 2491 omnium

700 2536 959 2621 oculis
1008 2539 1457 2651 expositas
1474 2538 1885 2636 habebat3
1942 2550 2254 2639 tantus,
2311 2538 2637 2622 visendi
2691 2539 2981 2649 gratia,
3031 2538 3478 2623 hominum

700 2672 1147 2789 concursus
1208 2668 1479 2751 factus
1536 2679 1683 2767 est,
1734 2666 1835 2751 ut
1888 2668 2049 2751 nisi
2108 2694 2198 2752 se
2253 2668 2344 2751 in
2403 2660 2754 2751 domum
2810 2668 3246 2780 cujusdam
3303 2696 3480 2751 una

700 2824 889 2879 cum
940 2784 1121 2880 viro
1174 2797 1638 2907 recepisset,
1700 2795 1919 2879 nihil
1978 2797 2324 2909 propius
2382 2797 2703 2879 factum
2767 2806 3004 2895 esset,
3065 2822 3321 2908 quam
3375 2810 3480 2880 ut

699 2927 945 3009 ambo
970 2952 1031 3039 ,a
1066 2925 1622 3009 multitudine
1662 2927 2358 3037 opprimerentur.
2473 2924 2795 3010 Verum
2853 2925 3160 3010 mulier
3211 2926 3480 3009 omni-

698 3078 831 3153 no,
888 3064 993 3138 ut
1042 3054 1374 3153 dicitur,
1424 3051 1647 3139 mala
1701 3082 1941 3138 merx
1988 3067 2164 3153 est3
2221 3084 2398 3139 non
2460 3055 2688 3139 enim
2743 3067 3026 3167 potest
3075 3057 3200 3141 ita
3253 3069 3479 3139 arcte

700 3184 1077 3295 subjecta
1138 3180 1537 3267 custodiis
1598 3184 1987 3267 omnibus
2044 3184 2358 3284 haberi,
2419 3186 2634 3297 quin
2695 3186 3182 3269 custodibus
3227 3188 3479 3269 verba

696 3312 864 3411 det,
902 3322 1159 3423 atque
1196 3313 1304 3395 ad
1340 3311 1621 3395 hostes
1680 3324 1876 3397 tuto
1920 3315 2444 3425 transfugiat.
2559 3312 2806 3397 Nam·
2835 3313 3068 3413 Pisis,
3121 3314 3266 3396 ubi
3313 3313 3479 3397 ele-

698 3442 1221 3551 gantissimas
1284 3440 1569 3525 literas
1636 3469 1807 3525 non
1888 3444 2127 3525 tenui
2208 3444 2628 3555 stipendio
2702 3443 3076 3540 docebat,
3150 3443 3358 3525 dum
3427 3472 3476 3526 e

697 3570 1127 3680 gymnasio
1158 3570 1616 3653 'revertitur
1652 3571 2021 3671 domum,
2060 3572 2586 3655 introductos
2621 3570 2927 3669 hostes,
2965 3598 3238 3655 arcem
3287 3598 3475 3683 cap-

698 3708 893 3798 tam,
932 3728 1029 3782 ac
1064 3696 1506 3783 mulierem
1547 3701 1651 3782 ab
1690 3727 1777 3783 se
1815 3700 2286 3798 abductam,
2328 3694 2932 3812 discipulorum
2973 3728 3314 3783 suorum
3347 3701 3476 3783 in·-

698 3826 948 3927 sidiis‚
987 3828 1347 3938 reperit;
1405 3854 1658 3939 quam
1698 3826 1845 3910 ille
1873 3830 2312 3939 jacturam,
2353 3829 2570 3912 sicut
2609 3827 2810 3911 olim
2869 3829 2989 3911 rei
3042 3827 3474 3913 familiaris

696 3956 1121 4055 damnum,
1162 3956 1665 4066 aequissimo
1702 3956 1985 4039 animo
2022 3954 2248 4041 tulit.
2362 3958 2733 4056 Etenim,
2771 3956 3254 4041 Catholicae
3283 3956 3474 4041 reli-

698 4084 971 4194 gionis
1010 4112 1276 4183 causa,
1312 4096 1416 4167 ut
1455 4088 1719 4195 ajunt,
1757 4084 2123 4169 fortunis
2162 4086 2571 4186 omnibu&
2629 4114 2846 4197 quae
2897 4087 3098 4170 satis
3147 4086 3472 4199 amplae

696 4223 959 4312 erant,
998 4240 1352 4312 eversus,
1391 4212 1814 4323 domoque
1848 4214 2274 4325 profugus,
2315 4214 2746 4297 Lutetiam
2789 4214 3296 4298 Parisiorum
3334 4242 3472 4299 ve-

694 4342 851 4439 nit,
888 4341 1196 4451 ibique,
1237 4370 1517 4426 rerum
1556 4344 1937 4425 omnium
1977 4343 2580 4452 egentissimus,
2635 4344 3016 4454 quamvis
3073 4346 3184 4426 se'
3205 4341 3468 4426 nobili

693 4496 1001 4580 genere
1036 4484 1315 4554 ortum
1352 4472 1891 4582 praedicaret,
1930 4498 2131 4569 rem,
2170 4484 2259 4555 et
2293 4470 2570 4555 multo
2605 4472 2872 4581 magis
2907 4469 3280 4581 gloriam,
3307 4470 3468 4553 hu-

685 4599 1199 4682 manioribus
1254 4598 1713 4711 disciplinis
1766 4602 2200 4712 juventuti
2269 4601 2732 4700 tradendis,
2781 4600 3151 4697 invenit3
3209 4628 3464 4712 quam

696 4726 821 4811 illi
858 4728 1209 4840 gloriam
1248 4728 1699 4842 multiplex
1736 4758 2020 4816 rerum
2060 4731 2428 4831 scientia,
2456 4726 2934 4814 reconditae
2961 4730 3462 4841 exquisitae-
