4384 5817
1088 555 1219 620 254
1614 537 1632 554 ‘
1854 552 2326 622 HISTORIA
2373 553 3124 624 EchEslAs‘rch

1094 768 1183 814 ex
1218 742 1393 815 Vita
1423 744 1773 839 magistri.

2086 974 2633 1049 EUGENIUS.
2738 975 2903 1050 465.

1091 1205 1559 1293 EUGENIUS,
1619 1209 1879 1282 tertius
1938 1211 2354 1280 monasterii
2399 1210 2493 1281 D.
2543 1209 2593 1280 J
2593 1209 2793 1282 acobi
2841 1208 3150 1304 Majoris
3201 1207 3578 1302 Herbipoli
3635 1209 3864 1293 abbas,

1089 1323 1205 1414 pie
1238 1347 1531 1420 gregem
1564 1324 1703 1396 sibi
1738 1325 2191 1396 commissum
2229 1326 2420 1396 rexit
2450 1327 2658 1397 annis
2695 1341 2940 1396 xv111.
3041 1323 3343 1416 Scripsit

1364 1439 1785 1512 -Exhortati
1794 1461 1965 1512 ones
1999 1439 2092 1511 ad
2125 1442 2536 1536 peregrinos
2570 1439 2817 1514 Scotos
2849 1440 2973 1513 lib.
3012 1459 3065 1510 1.
3141 1439 3482 1512 Meminit
3513 1437 3860 1510 Trithem.

1489 1553 1757 1627 Chron.
1794 1555 2115 1648 ejusdem
2148 1555 2584 1626 monasterii.

1387 1669 1512 1740 Ad
1558 1665 2045 1741 coelestinum
2099 1665 2243 1738 111.
2301 1667 2726 1741 Pontificem
2777 1668 3186 1743 Maximum
3236 1668 3606 1762 Epistolas
3659 1668 3779 1741 lib.
3815 1689 3858 1741 1.

1487 1807 1533 1855 a
1580 1806 1725 1876 quo
1774 1782 2386 1855 confirmationem
2444 1785 2858 1856 monasterii
2909 1787 3372 1879 impetravit3
3432 1807 3618 1876 quae
3657 1793 3862 1856 'extat

1482 1899 1673 1991 apud
1708 1897 2220 1970 Trithemium.

1192 2014 1395 2086 Obiit
1428 2035 1619 2086 anno
1652 2029 2069 2086 mcxcvm.

2188 2243 2516 2318 ELIAS.
2619 2244 2786 2320 466.

1090 2474 1351 2549 ELIAS
1416 2477 1635 2551 abbas
1700 2469 2021 2574 ejusdem
2087 2477 2503 2550 monasterii
2562 2494 2708 2549 vn.
2777 2477 2914 2550 sub
2979 2477 3250 2551 Ottone
3306 2479 3638 2572 episeopo
3695 2477 3864 2548 sedit

1091 2593 1299 2664 annis
1335 2611 1447 2665 Ἦ.
1547 2591 1855 2686 Scripsit

1389 2708 1795 2782 Chronicon
1827 2707 2255 2780 Monasterii
2289 2707 2665 2782 Scotorum
3073 2706 3195 2778 lib.
3235 2728 3286 2778 1.

1194 2823 1397 2896 Obiit
1430 2845 1621 2896 anno
1658 2839 2086 2895 mccxxm.

2058 3053 2634 3129 EGBERTUS.
2742 3052 2910 3132 467.

1092 3285 1541 3360 Essemus
1574 3288 2100 3363 Cas-melitanus
2132 3289 2544 3386 religiosam
2578 3287 2805 3358 vitam
2837 3287 2917 3358 in
2949 3285 3206 3358 Galliis
3243 3288 3635 3378 amplexus,
3684 3295 3866 3378 post-

1093 3422 1309 3492 quam
1342 3411 1579 3475 totum
1610 3404 1961 3476 orientem
1992 3406 2390 3487 lustrasset,
2421 3404 2850 3498 linguasque
2893 3403 3272 3473 orientales
3329 3402 3548 3493 probe
3596 3401 3868 3471 didicis-

1093 3527 1223 3601 set,
1270 3519 1485 3590 rediit
1539 3519 1619 3590 in
1663 3517 1999 3603 Scotiam,
2047 3527 2121 3590 et
2168 3516 2422 3591 Albini
2473 3518 2978 3590 Brechinensis
3026 3515 3338 3612 episcopi
3387 3518 3866 3613 suffraganeus

1092 3633 1257 3717 fuit,
1294 3655 1423 3706 seu
1456 3634 2023 3727 chorepiscopus,
2058 3635 2266 3728 cujus
2312 3635 2642 3726 precibus
2675 3633 3103 3707 carmelitae
3147 3635 3660 3706 monasterium
3709 3631 3867 3701 Bre-

1094 3749 1286 3820 chini
1321 3743 1767 3842 acceperunt.
1867 3747 2173 3842 Scripsit

1395 3863 1741 3937 Alcorani
1772 3864 2199 3937 Vel-sionem
3075 3865 3199 3938 lib.
3237 3884 3289 3936 1.

1388 3979 1667 4053 Contra
1700 3977 2143 4052 Aleoranum
3069 3980 3194 4052 lib.
3232 3999 3285 4050 1.

1192 4093 1439 4166 Rediit
1470 4095 1548 4166 in
1580 4096 1895 4188 patriam
1928 4117 2121 4168 anno
2155 4093 2481 4168 M‘chxl
2489 4113 2538 4165 1.
2575 4097 2862 4188 quando
2901 4095 3182 4178 obierit,
3217 4116 3364 4166 non
3399 4097 3649 4188 reperi.

1791 4325 2344 4399 ROBERTUS
2394 4324 2904 4398 ELGINIUS.
3009 4323 3176 4398 468.

1100 4555 1567 4641 RoBERTUS,
1604 4579 1675 4643 ‚a
1714 4555 1953 4648 patria
1992 4554 2173 4627 urbe
2219 4555 2558 4652 Elginius
2605 4558 2838 4629 dictus
2895 4556 3162 4648 (nescio
3206 4581 3300 4629 an
3341 4559 3515 4629 haec
3561 4554 3874 4652 Elgonae

1100 4669 1529 4767 Ptolomaei)
1564 4671 1889 4743 sacerdos
1934 4693 2018 4742 ac
2058 4673 2308 4744 doctor
2351 4671 2804 4757 Sorbonicus,
2850 4673 2987 4746 sub
3031 4673 3396 4746 Clemente
3438 4672 3530 4744 V.
3579 4672 3874 4744 referen-

1093 4789 1358 4872 darius,
1398 4786 1791 4860 Viennensi
1824 4786 2123 4860 concilio
2154 4787 2510 4861 interfuit.
2615 4786 2916 4880 Scripsit
