4384 5817
1063 513 1150 576 40
1827 513 2299 586 HISTORIA
2342 511 3095 586 EchEsms‘rch

1069 699 1408 776 instituta
1437 720 1602 776 cum
1633 699 1918 778 infestis
1949 703 2172 776 armis
2206 703 2451 778 omnia
2486 705 2987 780 obsiderentur
3028 707 3111 780 in
3154 703 3393 792 Italia,
3442 727 3575 782 nec
3618 715 3865 782 tutum

1067 826 1256 890 esset
1285 826 1484 890 terra
1511 825 1644 890 aut
1671 817 1858 890 mari
1889 818 2053 904 iter,
2087 816 2283 890 Pisis
2314 819 2665 892 substitit.
2764 819 3071 916 Scripsit

1364 929 1588 1006 Gesta
1647 931 2082 1006 Pisanorum
2135 932 2265 1004 lib.
2328 951 2383 1004 1.
2438 936 2751 1030 eleganti
2808 957 3049 1010 versu.
3162 935 3471 1010 Initium
3520 939 3857 1030 poemati.

1455 1047 2673 1140 quodinmmmmemmcam
2704 1049 3001 1126 Genuse
3034 1053 3259 1137 venit,
3290 1052 3803 1126 sicsehabet:

1671 1209 1909 1271 Phanas
1934 1209 2104 1282 acies,
2133 1209 2309 1272 Latio
2332 1209 2595 1272 victricia
2618 1219 2744 1272 toto

1665 1305 1854 1366 Arma
1875 1323 2037 1374 enno,
2061 1304 2425 1386 invictasque
2448 1313 2605 1368 rates
2628 1305 2853 1368 oriente
2874 1307 3133 1380 mm

1665 1399 1840 1473 Quae
1861 1409 2128 1462 unctum
2155 1399 2399 1462 Domini
2420 1417 2653 1462 runum
2678 1419 2973 1464 ancum
2994 1400 3389 1484 sepulchrum,

1663 1493 2065 1608 Captiva-qne·
2075 1495 2295 1556 iterum
2318 1493 2541 1556 duxero
2564 1495 2631 1556 in
2654 1494 2849 1558 vinela
2871 1507 3169 1578 tyrannus.

1665 1587 1908 1650 Viribus
1929 1589 2119 1651 annisi
2147 1589 2469 1652 Mnhometi
2494 1589 2839 1670 extinguere
2862 1599 3099 1652 sectum·

1161 1735 1478 1810 Vivebat
1507 1757 1698 1810 anno
1731 1753 2106 1810 ucccvn.
2189 1735 2455 1834 Cogito
2484 1738 2575 1810 de
2606 1759 2692 1810 eo
2722 1737 3173 1830 publicando,
3198 1739 3411 1834 plura
3432 1739 3625 1814 enim
3652 1761 3745 1814 ex
3768 1763 3855 1812 eo

1065 1853 1154 1925 de
1183 1853 1400 1926 rebus
1430 1851 1626 1926 illius
1657 1851 1910 1946 populi
1941 1873 2162 1946 quam
2196 1853 2391 1946 apud
2420 1873 2669 1928 omnes
2701 1852 3007 1928 Pisanos
3036 1853 3279 1928 didici.

2015 2198 2671 2274 ARNULPHUS.
2774 2199 2891 2275 61.

1058 2433 1600 2518 Autumnus,
1637 2431 2022 2506 Melrosiae
2051 2431 2297 2518 abbas,
2334 2453 2523 2506 unus
2556 2455 2651 2506 ex
2696 2431 2957 2530 legatis
3000 2433 3131 2528 qui
3162 2433 3475 2508 Romam
3520 2433 3725 2508 missi
3758 2435 3853 2508 ad

1061 2549 1582 2622 absolutionem
1625 2571 1672 2619 a
1701 2545 1932 2620 Lucio
1981 2567 2172 2640 papa
2208 2549 2589 2641 petendam
2622 2569 2757 2642 pro
2788 2547 2993 2646 Rege
3024 2547 3441 2634 wilhelmo,
3488 2569 3709 2644 quem
3740 2571 3852 2622 sa·

1058 2663 1198 2736 cris
1291 2662 1767 2736 interdixerat
1855 2659 2188 2758 Rogerus
2280 2663 2853 2757 archiepiscopus
2944 2661 3449 2752 Eboraoensis.
3538 2663 3849 2738 Romam

1055 2777 1422 2872 profectus
1479 2777 1752 2850 bullam
1811 2777 2253 2870 impetravit.
2336 2777 2535 2852 Eum
2594 2779 3022 2872 prudentem
3074 2788 3151 2852 et
3204 2779 3599 2854 disuetum
3640 2789 3849 2852 vocat

1058 2895 1394 2990 Roget-us
1425 2894 1516 2965 de
1551 2890 1902 2966 Hoveden
1933 2891 2205 2966 Annal.
2238 2915 2393 2988 par.
2432 2911 2485 2966 1.
2518 2915 2687 2990 pag.
2722 2911 2993 2969 eccm.
3092 2891 3396 2988 Scripsit
3438 2895 3623 2970 nihil
3652 2895 3845 2988 quod

1055 3019 1272 3083 extet.

1151 3123 1420 3199 Orator
1450 3124 1850 3198 destinatus
1883 3139 2341 3198 ucnxxxn.

1995 3353 2675 3428 ALEXANDER.
2776 3351 2899 3430 62.

1054 3591 1608 3664 ALEXANDEB
1639 3587 1846 3660 ducis
1875 3584 2235 3660 Albaniae
2264 3583 2479 3670 filius,
2526 3583 2779 3660 Jacobi
2828 3583 2934 3660 11.
2982 3605 3359 3680 pronepos,
3406 3585 3629 3662 abbas
3676 3586 3843 3662 Sco-

1049 3729 1186 3778 nae
1241 3705 1580 3797 primum,
1637 3725 1722 3776 ac
1773 3725 1948 3777 mox
2003 3701 2379 3774 Moraviae
2434 3699 2831 3795 episeopus.
2952 3699 3101 3774 Hic
3162 3723 3311 3776 non
3374 3703 3617 3776 minus
3682 3703 3838 3800 regi

1049 3843 1182 3894 suo
1246 3819 1774 3915 consanguineo
1835 3839 2058 3913 quam
2121 3815 2174 3887 J
2173 3816 2325 3888 ulio
2390 3815 2491 3888 11.
2558 3817 2877 3910 pontifici
2942 3817 3377 3902 carissimus,
3454 3839 3501 3890 a
3572 3818 3835 3912 quibus

1049 3934 1496 4032 gravissimis
1563 3932 1902 4028 Europae
1965 3933 2275 4028 negotiis
2340 3933 2845 4025 componendis
2908 3933 3259 4018 addictus,
3324 3941 3600 4006 tantam
3666 3955 3837 4030 gra-

1051 4049 1326 4135 vitatis,
1392 4049 1707 4140 pietatis,
1771 4047 2221 4140 prudentiae,
2294 4056 2371 4120 et
2442 4047 2859 4122 literaturae
2930 4047 3405 4122 constantiam
3484 4047 3833 4130 exhibuit,

1046 4177 1134 4238 ut
1179 4163 1364 4238 nulli
1412 4163 1576 4254 plus
1628 4161 1904 4249 Italiae,
1955 4171 2176 4254 atque
2226 4162 2404 4234 adeo
2450 4163 2783 4236 eeclesiae
2830 4161 3241 4236 Catholicae
3286 4183 3431 4256 pax
3478 4173 3555 4237 et
3601 4163 3837 4260 digni-

1043 4291 1181 4363 tas,
1246 4277 1682 4352 turbulentis
1749 4275 2124 4350 Gallorum
2196 4285 2271 4348 et
2343 4275 2879 4372 Aragoniorum
2954 4278 3285 4370 procellis
3362 4277 3641 4372 sopitis,
3716 4278 3833 4350 de-

1041 4397 1252 4478 beat3
1302 4413 1471 4466 nam
1521 4413 1656 4486 pro
1703 4401 2150 4490 regeorator
2187 4391 2283 4464 ad
2314 4390 2652 4464 carolum
2684 4389 2903 4464 VIII.
2948 4391 3225 4466 Galliae
3268 4413 3513 4489 regem
3544 4391 3831 4478 missus,

1041 4513 1356 4583 multum
1430 4507 1776 4581 momenti
1850 4507 2180 4580 attulisse
2262 4508 2463 4580 visus
2544 4517 2655 4578 est
2734 4507 3163 4582 nutantibus
3244 4507 3833 4602 tumentibusque

1037 4626 1121 4699 in
1167 4623 1469 4718 Europa
1513 4623 1750 4698 rebus.
1849 4621 1993 4696 Sed
2041 4623 2381 4696 audiatur
2422 4620 2837 4696 Ludovicus
2886 4621 3491 4698 Guiochiardinus
3538 4621 3665 4695 lib.
3712 4639 3828 4694 1x.

1041 4751 1089 4785 “
1120 4739 1263 4836 Spe
1293 4741 1488 4836 pacis
1519 4739 1834 4825 turbata,
1867 4737 2160 4814 deoessu
2189 4737 2503 4832 episcopi
2536 4735 2809 4824 Gurcii,
2842 4739 3009 4814 licet
3039 4737 3367 4834 pontifex
3410 4739 3617 4812 illum
3664 4737 3829 4816 sub-
