4384 5817
1280 608 1639 680 GENTIS
1684 608 2252 693 SCOTORUM,
2299 608 2484 681 LIB.
2531 608 2655 681 VI.
3251 608 3384 679 293

572 800 817 895 perius
850 808 1272 875 enumerata
1302 812 1477 875 sunt
1509 825 1751 896 opera,
1784 803 2078 898 scripsit

872 918 1124 992 Vitam
1158 918 1405 993 Sancti
1438 919 1918 1005 willibrordi,
1952 940 2191 1016 prosa,
2505 916 2630 991 lib.
2669 936 2723 991 1.
2824 917 3052 1015 Apud
3083 917 3382 993 Surium

876 1046 1511 1250 Vix-egusdem,
1546 1176 1786 1239 versu,
1822 1152 1985 1227 MS.
2235 1151 2360 1226 lib.
2399 1170 2455 1227 1.
2555 1150 2652 1226 In
2681 1152 3013 1227 biblioth.
3051 1150 3126 1226 S.
3161 1151 3378 1227 Galli.

876 1268 967 1343 In
1000 1268 1491 1369 Evangelium
1526 1270 1605 1342 S.
1638 1269 1691 1341 J
1691 1272 1945 1343 oannis
1978 1268 2552 1344 Commentarios
2780 1267 2905 1342 lib.
2945 1288 3001 1343 1.
3101 1266 3384 1365 Argen-

972 1370 1170 1445 tinae
1202 1392 1505 1445 excusus
1540 1392 1735 1445 anno
1769 1388 2177 1444 MDxxvn.
2255 1368 2555 1445 Gesner.
2589 1368 2672 1443 in
2707 1368 3183 1443 Bibliotheca.
3219 1368 3381 1441 MS.

878 1604 969 1678 In
1000 1614 1277 1698 septem
1309 1604 1641 1678 Psalmos
1674 1603 2224 1699 poenitentiales
2503 1601 2633 1676 lib.
2670 1621 2725 1677 1.
2764 1601 3052 1678 Prodiit
3083 1602 3386 1676 Parisiis

974 1744 1167 1797 anno
1202 1738 1412 1795 um..

874 1838 1297 1932 Disputatio
1354 1859 1522 1911 cum
1580 1836 1845 1912 Carolo
1900 1836 2181 1935 Magno
2239 1839 2328 1913 de
2385 1837 2780 1913 Rhetorica
2837 1845 2914 1911 et
2968 1834 3390 1911 Virtutibus

972 1953 1101 2029 lib.
1140 1974 1194 2029 1.
1244 1954 1519 2049 prodiit
1568 1976 1760 2029 anno
1814 1971 2288 2028 Mnxxmx.
2362 1954 2662 2029 Titulus
2710 1956 2780 2029 ei
2828 1954 3031 2051 operi
3087 1954 3169 2026 in
3223 1952 3387 2027 MS.

976 2070 1051 2144 S.
1088 2070 1303 2157 Galli,
1356 2081 1403 2115 “
1435 2071 1865 2167 Disputatio
1898 2070 1989 2143 de
2032 2072 2448 2160 Rhetorica,
2501 2082 2576 2147 et
2622 2072 2714 2147 de
2746 2069 3168 2147 Virtutibus
3199 2070 3394 2165 sapi-

978 2186 1333 2265 entissimi
1365 2190 1561 2287 regis
1586 2189 1852 2275 Caroli,
1879 2198 1954 2263 et
1976 2187 2234 2263 Albini
2266 2190 2601 2287 magistri
2622 2190 2688 2263 =’'
2720 2189 2838 2265 cui
2862 2188 3001 2263 hoc
3033 2186 3391 2285 epigram-

976 2328 1099 2380 ma
1128 2305 1553 2400 praefixum,
1585 2308 1863 2381 incerto
1898 2314 2191 2381 auctore
2222 2325 2244 2378 ε

1188 2490 1315 2566 Qui
1338 2510 1476 2573 rogo
1497 2491 1703 2554 civiles
1728 2492 1931 2575 cupiat
1953 2508 2295 2574 cognoscere
2317 2509 2528 2563 mores,

1272 2585 1443 2648 Haec
1465 2598 1784 2670 praecepta
1805 2586 1987 2669 legat,
2012 2606 2164 2669 quae
2188 2586 2342 2648 liber
2364 2586 2482 2647 iste
2503 2594 2690 2647 tenet.

1182 2680 1507 2763 scripserat
1532 2684 1678 2745 haee
1702 2684 1861 2746 inter
1886 2702 2055 2745 curas
2078 2702 2185 2745 rex
2212 2680 2457 2743 Carolus
2481 2680 2671 2752 aulae,

1256 2776 1635 2859 Albinueque
1658 2778 1877 2853 aimuh
1915 2779 2017 2840 hic
2041 2778 2230 2849 dedit,
2255 2776 2360 2838 ille
2385 2776 2593 2859 probat
2611 2798 2631 2835 ε

1184 2872 1391 2934 Unum
1416 2893 1565 2955 opus
1588 2874 1889 2936 amborum
1908 2896 1929 2947 ς
1971 2874 2169 2956 dispar
2192 2872 2247 2935 si
2271 2892 2446 2935 eausa
2469 2872 2740 2945 duorum,

1182 3032 1193 3043 ‚
1269 2966 1387 3030 Ille
1412 2978 1585 3051 pater
1610 2968 1841 3043 mundi,
1868 2970 1967 3031 hic
1988 2970 2283 3032 habitator
2307 2970 2494 3051 inops.

1190 3064 1330 3125 Non
1354 3076 1587 3128 temnas
1611 3066 1857 3140 modico,
1882 3066 2085 3140 lector,
2110 3084 2218 3147 pro
2243 3082 2478 3146 corpore
2502 3062 2740 3134 libum,

1262 3160 1516 3242 Corpore
1540 3161 1905 3244 praemodico
1928 3161 2049 3224 mel
2072 3161 2186 3223 tibi
2211 3168 2408 3242 portat
2431 3158 2576 3240 apis.

678 3355 1039 3429 Adultera
1070 3356 1425 3449 quaedam
1459 3357 1527 3429 ei
1560 3356 2085 3442 attribuuntur,
2128 3376 2318 3450 quae
2362 3350 2652 3427 Calvini
2695 3350 3038 3425 haeretici
3078 3372 3232 3426 esse
3265 3374 3394 3425 an-

578 3472 861 3545 notavit
884 3470 1247 3545 Henricus
1266 3471 1605 3547 Canisius
1630 3482 1809 3547 tom.
1838 3489 1919 3545 V.
1944 3471 2341 3568 Antiquar.
2369 3469 2695 3545 Lection.
2721 3491 2891 3567 pag.
2921 3485 3389 3543 Dccccnvn.

1552 3822 1627 3895 S.
1680 3820 2139 3897 FETHUO,
2243 3824 2418 3895 535.

578 4060 1073 4131 DlscIPULos
1106 4054 1181 4130 S.
1218 4054 1613 4129 Columbae
1644 4078 2073 4130 enumerans
2110 4054 2324 4129 Hect.
2361 4054 2624 4129 Boeth.
2653 4052 2779 4127 lib.
2809 4071 2924 4127 1x.
2971 4050 3170 4126 Hist.
3199 4054 3390 4127 Scot.

576 4197 742 4270 pag.
793 4190 1077 4246 chvl.
1132 4181 1179 4215 “
1209 4170 1603 4257 Domitius,
1637 4172 1985 4257 Ruthius,
2019 4182 2095 4247 et
2125 4172 2436 4257 Fethuo,
2483 4170 2682 4244 haud
2723 4192 2986 4265 parum
3031 4172 3389 4243 natalium

580 4290 1080 4384 amplitudine,
1123 4291 1249 4365 sed
1281 4288 1517 4385 magis
1566 4290 1781 4387 longe
1829 4290 2179 4388 religione
2226 4288 2657 4362 honestati.”
2756 4285 3124 4361 Abbatem
3171 4286 3396 4361 fuisse

578 4416 882 4491 constat,
920 4416 993 4479 et
1027 4414 1209 4501 puto
1239 4408 1433 4481 inter
1464 4404 1901 4480 Sodorenses
1934 4407 2095 4481 illos
2128 4404 2381 4481 Scotos
2411 4414 2820 4480 montanos.
2920 4403 3226 4499 Scripsit

878 4520 1249 4617 Epistulas
1285 4526 1379 4597 ad
1412 4524 1671 4597 Patres
1704 4524 1781 4597 in
1820 4522 2001 4597 lona
2577 4522 2701 4597 lib.
2739 4542 2795 4597 1.

676 4638 989 4715 Vivebat
1024 4662 1218 4716 anno
1248 4659 1473 4717 new.
1574 4640 1893 4715 Joannes
1927 4638 2292 4731 Leslaeus,
2325 4640 2452 4717 lib.
2488 4658 2599 4716 Ν.
2635 4662 2802 4739 pag.
2845 4655 3044 4713 cmx.
