4384 5817
1322 494 1685 569 'GENTIS
1728 494 2318 577 scemam,
2343 496 2526 567 LIB.
2573 498 2633 566 1.
3344 503 3390 564 5

576 700 819 774 natus,
878 690 959 764 in
1008 686 1437 763 Hiberniam
1494 689 1849 786 navigans
1894 710 2123 783 paene
2169 710 2422 761 omnes
2469 690 2568 762 ad
2611 686 3014 787 legitimam
3061 688 3380 763 Paschae

576 806 1151 881 observationem
1226 805 1545 879 induxit.
1618 803 2139 878 westmonast.
2188 804 2315 877 'ad
2395 827 2668 879 annum
2741 822 2964 881 nem.
3035 803 3228 879 Erat
3299 830 3384 879 ea

576 921 1001 1015 disceptatio
1048 922 1299 1017 magni
1348 930 1511 993 tum
1556 920 1929 1004 momenti,
1974 942 2069 995 an
2110 921 2274 1015 ipso
2319 920 2578 993 Martii
2620 920 3044 1015 plenilunio,
3087 942 3186 994 an
3233 923 3384 1017 pri-

572 1061 695 1111 ma
724 1047 919 1110 most
948 1034 1433 1129 plenilunium
1460 1034 1867 1120 Dominica,
1901 1035 2181 1109 Pascha
2213 1044 2402 1109 esset
2437 1035 2961 1120 celebrandum,
2993 1046 3160 1110 orta
3187 1060 3382 1111 anno

574 1154 921 1227 Dcnxl‘V.
972 1149 1325 1247 sigebert.
1376 1148 1503 1223 Ab
1532 1152 1691 1243 ipso
1722 1152 1955 1223 multa
1984 1150 2264 1225 Bedam
2293 1159 2712 1225 mutuatum
2745 1150 2980 1248 Angli
3005 1152 3374 1239 fatentia,
3353 1176 3372 1194 ·

574 1270 727 1362 ipse
758 1266 987 1353 Beda,
1021 1265 1149 1339 lib.
1186 1266 1489 1362 1V.cap.
1526 1284 1699 1339 xvl.
1800 1266 2105 1360 Scripsit
2136 1270 2394 1353 mults,
2423 1288 2612 1361 quae
2645 1269 2890 1340 omnia
2921 1266 3376 1343 Trithemius

570 1404 717 1456 non
746 1382 1057 1469 viderat,
1090 1381 1197 1456 ait
1226 1380 1503 1456 Anton.
1531 1382 1906 1456 Possevin.
1930 1382 2212 1522 Appar.
2239 1392 2418 1456 tom.
2447 1400 2500 1455 ι.
2577 1381 2992 1457 00101)τίοη
3013 1382 3376 1529 habentur

570 1498 730 1592 ejus
760 1518 1030 1593 opera.

864 1614 977 1687 De
1041 1614 1239 1689 Loco
1302 1614 1729 1689 Dominieae
1784 1614 2240 1701 Nativitatis,
2303 1613 2694 1700 Passionis,
2753 1623 2830 1689 et
2885 1612 3374 1702 Ascensionis,

959 1731 1085 1806 lib.
1116 1750 1169 1804 1.
1247 1728 1763 1805 Westmonast.
1834 1730 2043 1825 Opus
2068 1732 2444 1805 collectum
2468 1752 2562 1803 ex
2593 1730 2970 1825 colloquiis
2999 1728 3372 1827 Arnulphi

964 1846 1303 1941 episcopi,
1336 1866 1468 1919 seu
1496 1843 1879 1939 Arculphi,
1912 1846 2021 1919 ait
2051 1843 2238 1918 sixt.
2273 1844 2570 1919 Sensus.
2609 1846 2738 1920 lib.
2776 1862 2888 1919 lv.
2901 1846 3368 1921 Bibliothec-

963 1952 1143 2035 Fuit
1222 1962 1287 2034 is
1370 1958 1723 2034 Metensis
1804 1962 2129 2035 antistes.
2216 1961 2398 2035 Vita
2473 1962 2568 2036 ab
2643 1984 3004 2058 anonymo
3081 1964 3371 2059 scripta.

961 2079 1047 2153 P.
1100 2076 1545 2151 Warnefrid.
1591 2078 1719 2151 lib.
1770 2076 2599 2176 v1.Gest.Longoba1-.
2647 2100 2804 2173 cap.
2851 2096 2928 2151 v.
3029 2076 3137 2152 Et
3183 2078 3373 2153 forte

963 2193 1269 2269 Scotus·
1248 2246 1271 2280 ,
1324 2194 1491 2265 vide
1521 2192 1715 2265 infra
1744 2194 1883 2266 1ιο0
1912 2216 2152 2288 opere.
2207 2194 2212 2200 ’

862 2311 975 2384 De
1006 2308 1222 2384 Locis
1256 2308 1527 2383 Terrae
1558 2307 1862 2383 Sanctae
2445 2311 2571 2385 lib.
2607 2326 2662 2382 1.
2695 2309 2886 2385 forte
2915 2310 3108 2385 idem
3140 2332 3341 2407 opus.

858 2426 971 2499 De
1002 2424 1219 2499 Statu
1254 2424 1712 2498 Hierusalem
2455 2427 2582 2500 lib.
2601 2426 2674 2499 Ἰ.
2821 2476 2828 2485 -

858 2542 975 2616 De
1005 2542 1359 2617 Paschate
1388 2540 1712 2639 legitimo
2072 2586 2083 2597 ·
2452 2542 2580 2616 lib.
2617 2560 2671 2615 1.
2765 2593 2770 2597 -

856 2658 1233 2754 Epistulae
1316 2694 1323 2705 ·
2447 2658 2576 2733 lib.
2613 2676 2670 2731 1.
2769 2658 3108 2733 Balaeus.

856 2772 971 2848 De
1004 2772 1269 2847 Sancto
1302 2770 1657 2847 Columbo
1700 2772 1939 2861 Scoto,
1984 2772 2418 2870 Presbytero
2461 2783 2538 2849 et
2579 2772 3028 2861 Confessore,
3071 2775 3200 2850 lib.
3238 2794 3360 2851 111.

954 2888 1217 2963 Edidit
1250 2888 1483 2963 Henr.
1518 2888 1855 2963 canisius
1888 2900 2063 2964 tom.
2096 2893 2234 2963 ult.
2265 2888 2764 2985 Antiquarum
2795 2888 3244 2965 Lectionum.

658 3006 863 3081 Obiit
905 3028 1097 3079 anno
1138 3022 1565 3079 nccxcvn.
1613 3006 1905 3081 sedente
1946 3008 2029 3079 in
2071 3005 2277 3079 Petri
2321 3006 2664 3080 cathedra
2705 3004 2980 3103 Sergio,
3026 3004 3366 3105 Eugenio

568 3120 698 3195 VI.
744 3124 827 3195 in
876 3120 1117 3196 Scotia
1162 3120 1455 3216 pacifice
1501 3135 1875 3218 regnante.
1924 3120 2041 3195 De
2088 3122 2280 3196 mira
2326 3122 2770 3203 continentia
2815 3120 3022 3197 Beda
3067 3123 3194 3197 lib.
3249 3140 3358 3197 IV.

563 3238 773 3333 capit.
810 3255 1018 3313 XXV.
1122 3236 1411 3312 Colitur
1440 3252 1687 3341 1111.
1718 3234 1890 3311 Jan.
1992 3237 2317 3313 Fordun.

1460 3585 1534 3659 S.
1590 3584 2274 3661 ADAMANNUS.
2375 3593 2446 3660 4.

564 3821 635 3893 S.
685 3818 1263 3905 ADAMANNUS,
1324 3818 1510 3892 alius
1565 3841 1614 3892 a
1670 3818 1997 3903 Coludio,
2056 3817 2278 3892 abbas
2335 3818 2608 3891 scilicet
2663 3816 2737 3891 8.
2787 3816 3218 3893 Columbani
3273 3824 3356 3893 in

558 3936 807 4053 Insula
841 3932 1149 4041 Huensi,
1181 3934 1361 4020 sive,
1391 3941 1479 4007 ut
1512 3934 1619 4007 ait
1652 3932 2144 4028 Hieronymus
2176 3934 2456 4022 Platus,
2491 3934 2618 4008 lib.
2657 3952 2750 4007 11.
2783 3934 2874 4009 de
2905 3933 3122 4009 Statu
3151 3936 3354 4010 Reli-

553 4054 781 4151 gioso,
818 4034 973 4142 cap.
1012 4066 1223 4123 xxx.
1256 4050 1338 4122 in
1370 4048 1613 4123 800110
1642 4048 1883 4123 01)1)00.
1976 4050 2165 4123 Sunt
2196 4051 2326 4144 qui
2358 4049 2492 4124 hos
2525 4037 3014 4136 confundant,
3065 4064 3354 4145 separat

552 4166 797 4241 tamen
834 4165 1209 4239 Arnoldus
1248 4164 1497 4239 Uvion
1528 4164 1653 4239 lib.
1700 4183 1825 4237 111.
1866 4163 2081 4262 Ligu.
2114 4164 2334 4239 Vitae
2363 4190 2532 4263 pag.
2567 4184 2886 4240 ccccvl.
2931 4174 3006 4240 et
3049 4189 3142 4241 ex
3186 4166 3354 4242 Tri-

554 4284 848 4368 themio,
882 4280 1107 4367 Beda,
1141 4281 1492 4377 Sixtoque
1523 4280 1845 4365 Senensi,
1876 4280 2072 4354 hunc
2103 4291 2314 4355 vocat
2345 4284 2588 4357 virum
2613 4280 3054 4357 admirabilis
3086 4283 3363 4357 doctri-⁴

554 4394 689 4471 nae
720 4407 795 4471 et
826 4393 1255 4471 sanctitatis.
1358 4396 1663 4493 Scripsit

848 4512 965 4586 De
997 4512 1349 4587 Paschate
1380 4514 1523 4586 rite
1556 4510 2001 4587 celebrando.

580 4646 619 4753 J·
654 4628 995 4703 Florebat
1040 4628 1233 4703 anno
1276 4646 1591 4703 ncnxx.
1690 4628 1977 4702 Colitur
2026 4643 2272 4702 xxxi.
2321 4626 2491 4703 Jan.
2542 4638 2618 4703 et
2663 4646 2928 4733 xxm.
2987 4628 3346 4725 Septemb.
