4384 5817
1323 518 1684 593 omis
1710 516 2282 599 scamnum,
2325 518 2510 589 Lm.
2555 518 2613 589 1.
3280 516 3368 583 86

1298 823 1833 900 AEGYDIUS
1880 821 2392 899 ALDANUS.
2499 826 2620 899 48.

568 1060 1017 1137 Assovnms
1082 1056 1436 1141 AldanuS,
1502 1058 1875 1149 episcopus
1941 1056 2306 1128 Candidae
2372 1055 2618 1139 Casae,
2689 1054 2766 1127 S.
2835 1052 3160 1136 Niniani,
3227 1060 3355 1129 aut

568 1175 1033 1259 Gallovidiaa
1096 1175 1215 1245 vir
1270 1196 1403 1245 sua
1460 1181 1693 1247 aetate
1750 1194 1993 1245 rerum
2052 1172 2374 1245 civilium
2431 1171 2732 1263 peritus,
2789 1169 3148 1263 legatione
3204 1166 3360 1241 An·-

567 1294 849 1389 glicana
904 1300 979 1363 et
1032 1289 1313 1363 Danica
1368 1312 1533 1361 eum
1586 1289 1799 1361 laude
1854 1287 2170 1373 functus,
2231 1286 2882 1359 controversiarum
2943 1284 3140 1368 inter
3187 1282 3360 1359 Seo-

566 1419 679 1481 tos
744 1418 821 1481 et
882 1406 1164 1503 Auglos
1230 1406 1501 1479 arbiter
1564 1413 1669 1477 et.
1702 1406 2157 1498 compositor,
2239 1424 2504 1498 magno
2586 1402 2852 1484 animo,
2913 1409 3009 1477 ‚et
3091 1400 3362 1496 majore

566 1524 951 1616 prudentia
1004 1524 1220 1595 decus
1286 1522 1615 1595 ecclesiae·
1678 1520 1997 1593 Scoticae
2071 1520 2402 1603 asseruit,
2475 1518 2943 1610 impotentiae
3009 1514 3360 1608 archiepi-

566 1660 941 1730 scoporum
1016 1636 1581 1710 Eboracensium
1652 1637 1963 1709 viriliter
2026 1658 2103 1709 se
2184 1651 2575 1729 opponens,
2659 1642 2732 1705 et
2799 1633 3224 1725 disputavit,
3290 1640 3364 1701 et

568 1754 853 1846 scripsit

860 1867 975 1941 De
1006 1868 1381 1941 Scotorum
1418 1868 1921 1940 Patriarchatu
1966 1867 2091 1939 lib.
2131 1885 2183 1939 1.
2219 1868 2300 1938 in
2333 1866 2580 1938 Indice
2608 1862 2962 1938 Deirensi.

665 1984 951 2057 Floruit
982 2005 1173 2057 anno
1204 2000 1521 2057 Mcch.
1624 1983 1963 2055 Meminit
1998 1983 2404 2079 Anglicana
2433 1981 2757 2053 historia.

1462 2214 1612 2285 AN
1615 2212 2225 2287 GILBERTUS.
2329 2219 2448 2294 49.

563 2445 1171 2518 ANGILBERTUS
1226 2447 1599 2538 episcopus
1656 2447 1735 2518 in
1794 2444 2226 2519 Cathenesia
2281 2448 2704 2541 plerumque
2752 2444 3132 2529 residebat,
3190 2446 3358 2518 licet

564 2584 695 2656 per
722 2562 1137 2633 universam
1170 2560 1483 2633 Scotiam
1512 2562 1637 2655 jus
1672 2570 2071 2645 exerceret;
2115 2562 2409 2635 natione
2451 2562 2742 2656 quidem
2778 2559 3052 2643 Gallus,
3095 2561 3220 2633 sed
3251 2562 3358 2631 in-

564 2680 801 2751 colatu
834 2676 1113 2760 Scotus,
1146 2685 1219 2748 et
1252 2678 1551 2759 meritis,
1584 2700 1631 2748 a
1660 2676 2005 2749 Mordaco
2038 2674 2318 2750 Scotiae
2362 2700 2534 2773 rege
2577 2678 2672 2749 ad
2717 2676 3205 2769 chilpericum
3254 2674 3356 2749 11.

562 2790 837 2865 Galliae
868 2813 1114 2887 regem
1147 2800 1393 2865 orator
1422 2792 1847 2875 destinatus,
1880 2791 2057 2863 dum
2102 2814 2236 2885 per
2275 2792 2622 2889 Angliam
2667 2793 3032 2876 transiret,
3077 2791 3357 2865 wilfri-

564 2910 737 2979 dum
787 2905 1115 3003 Anglum
1164 2909 1624 2993 consecravit,
1677 2908 1805 3001 qui
1853 2916 2103 3000 postea
2149 2906 2624 2989 Eboracensis
2657 2908 3248 3000 archiepiscopus,
3283 2916 3356 2979 et

563 3026 643 3095 in
672 3021 801 3095 SS.
834 3044 1219 3095 numerum
1251 3026 1543 3097 relatus.
1645 3023 1875 3097 Porro
1906 3023 2384 3120 Angilbertus
2419 3024 2710 3117 scripsit

858 3138 971 3209 De
1039 3136 1311 3211 Errore
1376 3140 1751 3214 Paschatis
1810 3140 2209 3212 celebrandi
2267 3141 2686 3236 corrigendo
2745 3161 3086 3234 magnum
3157 3142 3354 3211 volu-

955 3275 1123 3325 men
1228 3254 1353 3326 lib.
1392 3274 1445 3325 1.

656 3369 939 3443 claruit
972 3392 1163 3443 anno
1196 3386 1501 3443 nccxx.
1560 3370 1897 3444 Meminit
1938 3372 2600 3445 Malmesburiensis
2641 3374 2729 3443 de
2773 3370 3012 3445 Gestis
3051 3370 3352 3445 Pontifi-

566 3506 726 3557 cum
760 3486 883 3557 lib.
922 3502 1037 3557 111.
1075 3496 1149 3557 et
1180 3484 1626 3583 Reginaldus
1662 3488 2065 3559 cardinalis·

1326 3668 1961 3791 MALCOLMUS
2011 3718 2375 3791 ARDES.
2478 3725 2598 3791 50.

564 3948 1099 4021 MALcOLMus
1142 3948 1401 4034 Ardea,
1446 3951 1890 4023 nobilissimo
1922 3954 2274 4047 sanguine
2323 3962 2536 4037 natus
2585 3954 2664 4025 in
2711 3951 3110 4034 Achterles,
3161 3973 3350 4023 unus

562 4086 807 4135 eorum
858 4063 1025 4149 fuit,
1080 4066 1206 4159 qui
1256 4065 1497 4137 Scotia
1544 4066 2001 4138 exterminati
2036 4068 2418 4161 tyrannide
2451 4065 2778 4139 Eduardi
2823 4066 2883 4139 1.
2928 4065 3179 4163 Angli,
3227 4066 3354 4138 ubi

564 4200 723 4271 spes
756 4180 1071 4252 melioris
1103 4182 1209 4252 rei
1243 4180 1633 4263 affulserat,
1668 4183 1931 4253 iterum
1956 4184 2344 4266 redierunt,
2379 4192 2452 4255 et
2485 4206 2630 4255 non
2661 4206 2916 4276 parum
2951 4205 3207 4275 operae
3240 4206 3354 4254 ac-

564 4294 1194 4367 commodaverunt
1226 4297 1526 4388 patriae.
1612 4296 1789 4369 Fuit
1814 4306 2055 4368 autem
2080 4298 2547 4370 Carmelitani
2574 4299 2842 4370 ordinis
2869 4298 3349 4391 provincialis-

563 4406 865 4499 Scripsit
900 4412 1065 4482 rudi
1100 4414 1311 4505 stylo,
1346 4421 1434 4482 ut
1465 4434 1549 4482 ea
1582 4422 1906 4504 tempora
1936 4410 2284 4495 ferebant,

858 4522 973 4595 De
1008 4524 1215 4597 Bello
1247 4528 1337 4597 ad
1376 4526 1723 4598 Fawkirk
2229 4529 2371 4601 ·lib.
2413 4547 2466 4598 1.

859 4638 972 4709 De
1004 4639 1305 4712 liberata
1338 4640 1579 4713 Scotia
2245 4644 2369 4717 lib.
2409 4664 2461 4717 1.

661 4752 945 4828 Floruit
978 4776 1169 4844 anno
1204 4772 1718 4829 Mcccxx01V.
1824 4758 2181 4833 Henricus
2215 4742 2601 4851 Sinclarus.
