4384 5817
1237 545 1594 618 GENTIS
1643 545 2204 626 SCOTORUM,
2254 546 2435 614 LIB.
2490 545 2621 612 ΙΙΙ.
3210 547 3333 611 161

533 737 961 810 coventriae
1021 744 1096 807 et
1153 735 1594 808 Lichfeldiae
1655 739 2008 808 secundus
2071 738 2631 808 administravit.
2686 735 3151 808 Malmesbur.
3204 738 3327 807 lib.

534 871 642 923 lv,
681 853 881 925 Gest.
921 853 1132 923 Pont.
1160 875 1326 948 pag.
1353 869 1635 923 CLXIV.
1675 861 1722 894 “
1744 851 2014 924 Diuma
2039 863 2112 926 et
2145 853 2453 936 Cellach,
2488 855 2699 925 ambo
2732 855 2821 926 de
2856 852 3163 924 Scotia.’'
3204 854 3327 924 Fr.

533 969 926 1042 Godwinus
959 969 1048 1039 de
1073 968 1396 1039 Praesul.
1423 967 1712 1061 Anglic.
1750 991 1914 1063 pag.
1939 987 2086 1040 ccc
2097 987 2339 1039 Lx111.
2380 977 2425 1010 ‘⁶
2445 967 2849 1062 Episcopus
2878 967 3329 1060 Lichfelden-

531 1086 630 1156 sis
661 1085 1014 1156 secundus
1047 1083 1192 1154 fuit
1223 1082 1534 1165 Cellach,
1569 1106 1610 1153 e
1643 1081 1903 1166 Scotia,
1937 1086 2150 1156 sicuti
2197 1086 2413 1155 etiam
2462 1093 2883 1167 antecessor,
2931 1085 3325 1156 oriundus:

531 1222 752 1270 annos
777 1222 922 1271 non
949 1200 1215 1270 multos
1241 1221 1405 1269 cum
1437 1197 1886 1290 praefuisset,
1919 1188 2245 1291 deposito
2279 1207 2532 1290 sponte
2558 1199 2973 1291 episcopatu
3004 1200 3217 1270 rediit
3252 1200 3328 1268 in

531 1315 838 1406 patriam
899 1315 1167 1386 suam.''
1268 1313 1602 1385 Eundem
1655 1315 1872 1384 ctiam
1923 1313 2457 1384 Lindisfarniae
2502 1315 2901 1385 antistitem
2950 1313 3173 1386 fuisse
3218 1337 3327 1385 re-

529 1431 745 1521 perio.
782 1430 1102 1501 Florent.
1136 1429 1440 1524 Vigorn.
1476 1429 1566 1500 ad
1601 1451 1873 1498 annum
1909 1447 2154 1499 DcLV.
2206 1438 2252 1470 “
2290 1429 2575 1499 Primus
2618 1429 2697 1499 in
2739 1429 3111 1520 provincia
3151 1428 3327 1499 Lin-

529 1545 983 1628 disfarorum,
1029 1555 1100 1616 et
1136 1545 1596 1626 Mel-ciorum,
1643 1553 1714 1615 et
1759 1544 2442 1615 mediterraneorum
2485 1541 2896 1640 Anglorum
2940 1543 3173 1614 factus
3218 1552 3327 1614 est

531 1662 898 1753 episcopus
931 1660 1200 1743 Duina,
1235 1662 1586 1732 secundus
1620 1660 2036 1731 Ceollachus
2062 1660 2151 1728 de
2175 1681 2434 1754 genere
2459 1659 2901 1730 Scotorum.'’
2975 1657 3143 1730 Uno
3168 1669 3327 1730 tan-

533 1787 687 1848 tum
721 1797 911 1848 anno
941 1777 1414 1870 posteriorem
1447 1776 1604 1869 ejus
1637 1777 2126 1867 praesulatum
2167 1774 2343 1846 facit
2377 1772 2644 1845 Matth.
2692 1773 3327 1847 westmonasteri-

531 1893 768 1978 ensis;
811 1916 996 1965 nam·
1015 1914 1204 1963 anno
1239 1909 1520 1963 DCLVI.
1569 1901 1614 1934 ‘⁶
1648 1891 2014 1962 Secundus
2051 1891 2373 1984 ejusdem
2422 1889 2831 1981 provinciae
2882 1889 3325 1960 Lindisfaro-

529 2029 691 2078 rum
725 2010 1100 2100 episcopus
1135 2007 1554 2078 Coellachus
1596 2006 1760 2088 fuit,
1803 2007 1931 2098 qui
1971 2006 2222 2076 relicto
2267 2005 2715 2096 episcopatus
2749 2004 2997 2088 officio,
3032 2007 3125 2076 ad
3158 2005 3324 2078 Sco-

529 2122 706 2193 tiam
739 2123 1019 2194 rediit-’²
1069 2122 1316 2193 Uvion
1339 2123 1465 2193 lib.
1495 2141 1583 2192 11.
1612 2145 1765 2212 cap.
1797 2139 2029 2193 XLVI.
2067 2121 2442 2192 “Diurnas
2470 2121 2859 2191 monachus
2894 2120 3209 2192 coenobii
3244 2123 3321 2192 in

529 2235 772 2310 Scotia
793 2239 854 2309 :’'
889 2247 962 2309 et
981 2258 1269 2310 rursus:
1305 2247 1349 2280 “
1371 2238 1787 2319 Coelachus,
1810 2259 1938 2308 seu
1959 2236 2313 2308 Colachus
2336 2234 2659 2306 Scotus.”
2711 2233 3168 2307 Huntindon.
3196 2236 3318 2308 lib.
3348 2241 3355 2248 ’

531 2371 655 2424 111.
689 2369 874 2449 pag:
892 2371 1112 2426 cxcl.
1161 2363 1210 2395 “
1240 2353 1551 2424 Diuinae
1584 2353 1924 2424 successit
1955 2351 2249 2433 Coellet,
2296 2351 2424 2442 qui
2458 2349 2552 2420 ad
2584 2349 2853 2432 Scotos,
2888 2351 3080 2420 unde
3113 2371 3319 2422 vene-

525 2477 662 2552 rat,
699 2471 982 2542 rediit.”
1081 2469 1230 2540 Sub
1263 2470 1508 2564 huJus,
1543 2476 1632 2540 ut
1667 2469 2022 2551 existimo,
2056 2463 2555 2558 pontificatum
2590 2473 2839 2536 exorta
2872 2465 2995 2536 illa
3025 2466 3115 2535 de
3150 2463 3325 2536 Pas—

526 2583 733 2657 chate
806 2585 1223 2656 celebrando
1283 2586 1729 2676 disceptatio,
1807 2605 2026 2676 quam
2083 2581 2349 2651 diserte
2402 2578 2905 2674 vigorniensis
2970 2579 3190 2650 refert
3246 2582 3323 2650 in

531 2715 738 2770 xxx.
775 2723 1046 2772 annum
1089 2701 1180 2772 ab
1221 2677 1638 2793 episcopatu
1685 2722 1730 2770 a
1776 2699 2006 2769 Scotis
2053 2699 2132 2768 in
2183 2695 2703 2766 mediterranea
2745 2693 3019 2790 Anglia
3064 2707 3317 2767 erecto.

529 2811 783 2906 Itaque
815 2837 948 2906 pro
981 2817 1200 2887 seculi
1239 2817 1434 2886 illius
1471 2815 1783 2897 modulo,
1817 2812 2104 2904 scripsit

825 2929 938 3002 De
972 2931 1324 3002 Paschate
1359 2931 1778 3002 celebrando
2413 2928 2537 2999 lib.
2578 2944 2629 2996 1.

826 3046 940 3118 De
974 3048 1176 3118 Petri
1211 3045 1730 3140 Praerogativa
2410 3042 2535 3113 lib.
2576 3062 2627 3113 1.

818 3161 930 3232 De
964 3161 1366 3233 Concordia
1397 3160 1898 3231 Ecclesiastica
2413 3159 2535 3230 lib.
2574 3178 2627 3229 1.

819 3276 1332 3346 Meditationes
2408 3275 2533 3345 lib.
2572 3293 2623 3344 1.

623 3393 905 3464 Claruit
938 3413 1126 3462 anno
1159 3392 1370 3461 salut.
1409 3407 1722 3460 Dcmrn.
1774 3413 1919 3483 quo
1965 3399 2287 3481 tempore
2332 3401 2459 3462 aut
2509 3390 2633 3461 ubi
2684 3390 2962 3474 obierit,
3014 3415 3159 3462 non
3202 3394 3321 3463 de-

523 3509 890 3600 prehendi,
917 3507 1240 3596 suspicor
1271 3513 1514 3576 tamen
1547 3507 1622 3576 iu
1659 3506 1918 3587 Scotia,
1955 3529 2099 3596 quo
2125 3514 2585 3588 concesserat,
2618 3503 2779 3601 [ut]
2811 3515 3133 3578 auctores
3169 3509 3318 3578 lau-

525 3625 673 3696 dati
707 3631 1088 3702 testantur,
1129 3643 1542 3712 supremum
1579 3620 1838 3692 obiisse
1871 3623 2082 3693 diem.
2136 3620 2420 3692 Colitur
2455 3639 2630 3692 xlv,
2668 3621 3065 3693 Februarii.

1445 3850 1518 3922 S.
1571 3850 2112 3924 CANDIDUS.
2218 3857 2315 3930 27
2316 3857 2385 3922 3.

523 4085 597 4155 S.
665 4083 1104 4154 CANDIDUS
1170 4084 1565 4178 presbyter,
1633 4085 1710 4152 in
1781 4081 2022 4154 Scotia
2087 4093 2303 4155 natus
2362 4084 2487 4154 ubi
2544 4087 2963 4158 coenobium
3032 4103 3141 4159 est
3210 4053 3315 4156 di'-

523 4209 715 4272 ctum
767 4199 983 4270 Sedes
1031 4199 1487 4280 Animarum,
1537 4199 1614 4268 in
1665 4207 1910 4268 tenera
1958 4199 2269 4289 pueritia
2318 4200 2580 4270 missus
2632 4202 2723 4272 ad
2770 4200 3314 4272 Lindisfarnen·

522 4337 668 4385 sem
705 4316 1038 4396 insulam,
1091 4323 1164 4383 ct
1211 4313 1639 4384 monachum
1687 4313 1944 4395 induit,
1997 4323 2070 4384 et
2122 4321 2646 4405 praeceptorem
2698 4316 2954 4387 habuit
3000 4315 3072 4387 S.
3130 4315 3311 4412 Hig-

523 4429 813 4500 baldum
872 4429 1188 4512 Scotum,
1251 4429 1579 4519 indeque,
1630 4437 1716 4498 ut
1766 4429 2257 4522 religiosorum
2311 4450 2467 4498 mos
2518 4438 2648 4512 est,
2684 4434 3074 4502 translatus
3128 4432 3309 4500 Mel-

405 4615 410 4621 ,
523 4545 786 4614 rosiam
821 4543 894 4613 S.
930 4541 1242 4614 Alcuino
1277 4543 1490 4613 Scoto
1531 4565 1608 4614 se
1653 4551 1886 4613 totum
1934 4544 2233 4626 addixit,
2289 4565 2452 4613 cum
2502 4567 2649 4635 quo
2698 4549 2774 4615 in
2826 4545 3097 4617 Gallias
3146 4569 3306 4636 pro-

521 4658 748 4729 fectus
807 4659 1172 4752 ingentem
1225 4657 1497 4728 ‘famam
1559 4659 1808 4727 retulit
1871 4680 1914 4726 a
1962 4658 2230 4747 pietate
2290 4667 2357 4730 et
2418 4660 2816 4730 literatura.
2939 4660 3077 4731 Sed
3142 4662 3307 4730 inde

521 4774 598 4842 in
647 4771 960 4844 Scotiam
1011 4773 1375 4855 remissus,
1427 4774 1518 4842 ad
1567 4773 2080 4843 monasterium
2129 4772 2715 4846 Lindisfarnense
2760 4797 3125 4870 regressus
3174 4785 3302 4858 est,

1903 4903 1961 4956 Y
