4384 5817
1114 561 1249 626 248
1882 555 2350 630 HISTORIA
2397 557 3143 630 EchEslAsTch

2002 864 2077 937 s,
2122 836 2746 938 'anamma
2847 867 3018 940 454.

1120 1095 1193 1168 S.
1229 1095 1748 1180 ENGLATms,
1781 1097 2358 1190 incomparabilis
2406 1099 2598 1170 vitae
2647 1098 2841 1190 apud
2889 1103 3244 1176 nostrates
3277 1100 3599 1184 antistes,
3649 1103 3888 1178 eodem

1118 1214 1355 1285 seculo
1386 1233 1548 1283 cum
1584 1211 1963 1295 Moveano,
2016 1211 2348 1296 Medano,
2399 1211 2698 1297 Blaano,
2747 1221 2820 1284 et
2861 1211 3217 1297 Colmoeo,
3267 1215 3486 1287 etiam
3519 1218 3890 1312 episcopali

1116 1328 1351 1424 gloria
1378 1329 1815 1413 clarissimis,
1856 1328 2202 1424 Congano
2233 1328 2510 1413 abbate,
2559 1337 2634 1400 et
2679 1325 2994 1423 Vigiano
3033 1329 3404 1414 monacho,
3451 1353 3608 1404 rem
3655 1331 3894 1407 Chris-

1118 1444 1389 1516 tianam
1424 1445 1808 1536 promovit,
1860 1453 1935 1516 et
1966 1445 2328 1518 ecclesiam
2363 1444 2806 1518 sanctissime
2837 1443 3394 1518 administravit.
3497 1447 3599 1520 H.
3636 1447 3888 1522 Boeth.

1118 1559 1245 1632 lib.
1281 1577 1399 1630 xl.
1438 1558 1635 1632 Hist.
1672 1559 1862 1634 Scot.
1964 1559 2185 1632 Hunc
2217 1569 2292 1634 et
2323 1559 2900 1632 Scotichronicon
2931 1559 3008 1632 in
3041 1571 3325 1636 sanctos
3371 1565 3682 1638 relatum
3731 1569 3890 1638 scri-

1122 1676 1251 1760 bit,
1285 1683 1357 1748 et
1388 1679 1621 1748 multa
1650 1678 1844 1770 apud
1874 1686 2230 1750 nostrates
2263 1677 2532 1768 templa
2560 1673 2740 1759 Deo,
2789 1677 2926 1748 sub
2957 1677 3406 1752 invocatione
3437 1680 3690 1772 ipsius,
3735 1703 3890 1753 oon·

1118 1801 1393 1866 sectata
1422 1795 1841 1885 loquuntur,
1878 1793 2005 1866 sed
2046 1792 2422 1866 silentibus
2469 1793 3026 1888 martyrologiis,
3073 1815 3221 1887 quo
3265 1795 3384 1868 die
3431 1797 3708 1868 colatur
3751 1819 3889 1870 non

1114 1911 1368 2000 reperi.
1466 1909 1769 2002 Scripsit

1406 2023 1753 2098 Lecturus
1786 2025 2039 2097 Sacras
2887 2023 3012 2096 lib.
3053 2041 3108 2094 1.

1408 2141 1819 2234 scripturae
1852 2141 2303 2214 scrutinium
2831 2151 2847 2159 ·
2884 2139 3010 2212 lib.
3049 2153 3105 2212 1.

1404 2255 1773 2350 Epistulas
1804 2260 1898 2332 ad
1929 2257 2169 2334 varios
2893 2254 3020 2328 lib.
3058 2273 3113 2327 1.

1210 2371 1549 2446 Florebat
1580 2397 1771 2446 anno
1805 2391 1959 2446 nx.
2060 2371 2346 2445 Colitur
2377 2387 2614 2444 xxvl.
2651 2369 3008 2464 Septemb.
3045 2387 3169 2443 111.
3207 2371 3560 2446 Novemb.

2149 2717 2226 2790 S.
2278 2715 2584 2790 EBBA.
2687 2721 2860 2792 465.

1114 2954 1187 3026 S.
1224 2951 1480 3037 EBBA,
1524 2951 1931 3027 Ethelfredi
1964 2951 2530 3027 Northumbriae
2561 2951 2752 3048 regis
2787 2949 2956 3036 filia,
2987 2961 3195 3046 patre
3225 2951 3624 3038 interfecto,
3675 2957 3890 3029 velari

1115 3072 1346 3144 voluit
1391 3070 1471 3140 in
1518 3068 2033 3166 Coldinghensi
2083 3067 2363 3140 Scotiae
2411 3067 2772 3152 coenobio,
2835 3089 2918 3140 ac
2975 3077 3225 3160 postea
3275 3072 3656 3143 sanctitate
3705 3071 3892 3144 vitae

1116 3189 1345 3260 eidem
1376 3187 1808 3279 praeposita,
1858 3187 2045 3258 mira
2098 3183 2541 3259 continentia
2589 3184 2798 3256 vixit.
2905 3183 3106 3256 Haec
3152 3205 3245 3256 ne
3291 3207 3340 3256 a
3387 3183 3638 3270 Danis,
3689 3209 3777 3260 ea
3820 3191 3896 3262 in

1114 3304 1353 3376 insula
1376 3301 1773 3374 incredibili
1800 3303 2167 3374 salacitate
2190 3299 2812 3384 debacchantibus,
2845 3299 3185 3396 injuriam
3219 3308 3609 3393 pateretur,
3641 3323 3894 3376 nasum

1117 3419 1283 3503 sibi,
1330 3428 1406 3492 et
1450 3418 1733 3490 labrum
1783 3417 2135 3510 superius,
2186 3416 2382 3488 virili
2439 3415 2846 3488 constantia
2902 3417 3350 3508 amputavit3
3405 3419 3602 3510 quod
3664 3439 3896 3492 exem-

1114 3539 1317 3628 plum
1377 3543 1651 3608 ceterae
1706 3534 2280 3610 sanctimoniales
2341 3541 2646 3614 secutae,
2707 3531 2876 3626 igne
2935 3533 3249 3604 claustro
3308 3533 3748 3606 circumdato
3807 3533 3898 3608 ad

1118 3673 1343 3726 unam
1374 3673 1621 3724 omnes
1654 3659 2140 3742 consumptae.
2225 3647 2430 3722 Beda
2450 3647 2574 3720 lib.
2603 3665 2714 3720 1v.
2745 3645 3024 3720 Histor.
3051 3647 3468 3722 Ecclesiast.
3495 3647 3711 3722 Gent.
3744 3651 3898 3722 An-

1116 3771 1297 3865 glor.
1325 3789 1479 3860 cap.
1508 3784 1689 3838 xlx.
1766 3764 2260 3862 Chorograph.
2289 3765 2572 3838 Britan.
2599 3785 2762 3860 pag.
2788 3781 3016 3835 Delx.
3093 3763 3512 3836 Matthaeus
3537 3761 3898 3838 Westmo·

1114 3883 1577 3956 nasteriensis
1642 3883 1735 3954 ad
1800 3903 2072 3953 annum
2130 3897 2546 3954 ncchxx.
2614 3879 2953 3972 Polydor.
3013 3878 3278 3974 Vix-gil.
3337 3879 3463 3952 lib.
3525 3897 3638 3952 nr.
3699 3879 3896 3953 Hist.

1113 3998 1336 4095 Angl.
1428 3997 1793 4071 Ecclesiae
1824 3997 2268 4094 Anglicanae
2301 3997 2786 4089 Trophaeum,
2819 3995 3136 4091 imagine
3171 4011 3380 4066 xvn.
3467 3993 3592 4066 An
3625 3995 3896 4088 aliquid

1115 4115 1503 4206 scripserit,
1540 4115 1795 4209 ignoro
1820 4133 1842 4198 ς
1880 4123 2071 4186 certe
2102 4135 2194 4185 ne
2226 4115 2460 4205 apices
2491 4113 2780 4206 quidem
2815 4133 3112 4204 operum
3145 4113 3238 4182 ad
3267 4133 3386 4184 me
3417 4121 3898 4204 pervenerunt

1117 4232 1272 4302 ulli.
1374 4229 1485 4302 De
1518 4253 1603 4301 ea
1632 4229 1683 4299 J
1684 4253 1951 4301 oannes
1986 4229 2195 4300 Felix
2226 4227 2558 4300 Astolfus
2593 4249 2782 4300 novo
2815 4225 3268 4322 Legendario
3299 4229 3392 4298 ad
3437 4227 3628 4298 diem
3679 4243 3894 4298 xxn.

1114 4346 1461 4444 Augusti,
1514 4369 1606 4418 ex
1654 4345 2133 4418 cantiuncula
2182 4345 2432 4416 Maffei
2483 4343 2799 4429 Venieri,
2851 4343 3362 4437 archiepiscopi
3413 4342 3896 4438 Corcyrensis,

1116 4462 1671 4559 elegantissima,
1738 4461 1866 4536 ubi
1910 4471 2266 4553 ,corrupte
2347 4455 2732 4555 coniugum
2805 4482 2940 4553 pro
3023 4453 3503 4555 coldingham
3569 4459 3894 4530 habetur.

1118 4578 1405 4666 Colitur
1437 4578 1517 4649 in
1547 4576 1845 4673 Anglia,
1881 4575 2005 4648 ubi
2040 4577 2382 4668 oppidum
2425 4573 2536 4648 St.
2570 4571 2740 4646 Aba
2767 4597 2900 4668 pro
2933 4570 3016 4647 S.
3053 4569 3330 4646 Ebbes.

1208 4693 1472 4767 Relata
1502 4693 1583 4765 in
1614 4703 1897 4764 sanctos
1932 4713 2122 4764 anno
2154 4707 2472 4764 Dcxxx.
2559 4691 2926 4764 Arnoldus
2981 4691 3228 4764 Uvion
3275 4690 3462 4763 libro
3515 4707 3626 4762 IV.
3677 4687 3896 4784 Ligni

1113 4807 1331 4880 Vitae
1376 4831 1530 4902 cap.
1582 4823 1891 4880 xxvm.
1954 4816 2028 4878 et
2078 4807 2202 4878 alii
2251 4808 2596 4900 plerique,
2655 4809 2772 4878 vel
2819 4830 3010 4880 anno
3057 4823 3480 4878 ncccxxx.
3538 4805 3735 4898 qnod
3788 4827 3898 4876 ve·
