4384 5817
1088 565 1177 634 68
1825 627 1834 634 .
1864 567 2339 640 HISTORIA
2381 567 3138 640 EOCLESIASTICA

1092 767 1341 830 sancta
1372 759 1531 855 eJus
1565 760 1909 833 memoria
1932 759 2051 832 die
2072 777 2154 832 V.
2180 757 2582 854 septembr.
2608 759 3090 856 Martyrolog.
3117 759 3436 837 Roenan.
3467 771 3513 808 ‘⁶
3537 761 3900 838 Monate-

1094 874 1207 946 rio
1240 873 1485 948 Sithin
1516 872 1591 946 S.
1626 873 1915 948 Bertini
1947 875 2296 950 abbatis?
2376 872 2640 948 Petrus
2665 873 2982 948 Galesin.
3061 883 3110 920 ‘⁴
3139 875 3230 952 In
3262 897 3454 974 pago
3487 875 3897 952 Tervanen-

1094 991 1157 1061 si
1190 989 1267 1062 S.
1306 987 1585 1062 Bel-tini
1618 991 1925 1076 abbatis,
1954 1013 2202 1064 rerum
2233 987 2790 1076 admirabilium,
2825 999 2898 1064 et
2933 989 3130 1066 vitae
3159 993 3588 1068 coelestibus
3611 993 3898 1068 virtuti·

1092 1106 1229 1177 bus
1254 1108 1579 1178 excultae
1601 1107 1834 1201 gloria
1858 1105 2101 1180 clari?
2148 1104 2410 1180 Franc.
2437 1103 2840 1198 Maurolyc.
2865 1105 3116 1180 eodem
3132 1108 3271 1180 dic.
3325 1116 3374 1151 ‘⁸
3393 1105 3618 1200 Apud
3641 1107 3895 1205 Belgas

1096 1219 1175 1294 in
1200 1221 1445 1294 Frude
1470 1219 1695 1294 fluvio
1718 1225 1959 1296 natale
1978 1221 2057 1294 S.
2082 1220 2374 1294 Bel-tini
2397 1218 2751 1294 abbatis?
2795 1219 3012 1299 Joan.
3037 1219 3374 1298 Molanus
3401 1225 3481 1296 in
3503 1221 3663 1296 Ind.
3689 1223 3897 1298 Sanc-

1095 1347 1341 1410 torum
1374 1335 1637 1433 Belgii,
1670 1346 1747 1410 et
1777 1335 2035 1410 Addit.
2070 1336 2165 1410 ad
2198 1335 2806 1431 martyrologium
2840 1335 3183 1410 Usuardi.
3284 1335 3472 1412 Vide
3499 1341 3760 1424 lomim,
3792 1352 3898 1414 est

1095 1453 1286 1526 enim
1319 1453 1590 1548 insigni
1622 1453 1857 1548 elogio
1886 1455 2167 1547 plenus.
2269 1449 2575 1544 Scripsit

1226 1565 1231 1572 ’
1390 1567 1751 1664 Regulam
1784 1569 2320 1644 strictissimam
2349 1565 2744 1644 Fratribus·
2988 1568 3115 1641 lib.
3153 1587 3208 1644 1.

1386 1682 1901 1756 Meditatioues
2993 1682 3117 1756 lib.
3153 1699 3210 1756 1.

1192 1799 1395 1873 Obiit
1426 1819 1620 1871 anno
1658 1813 2073 1872 ncxcvm.

2082 2032 2159 2108 S.
2211 2032 2631 2110 BABILA.
2739 2031 2906 2110 126.
2987 1971 2992 1981 ’

1090 2263 1166 2336 S.
1201 2261 1556 2348 num,
1590 2264 1801 2362 virgo
1836 2263 2230 2351 Ursulana,
2261 2267 2458 2364 regis
2491 2265 2780 2340 Siciliae
2807 2289 2902 2340 ex
2931 2265 3010 2340 S.
3047 2263 3392 2340 Geresina
3435 2268 3689 2364 regina
3729 2268 3890 2344 filia.

1088 2379 1281 2453 Vide
1314 2379 1440 2453 lib.
1478 2397 1531 2451 1.
1566 2381 1645 2452 in
1678 2381 1756 2453 S.
1788 2377 2212 2466 Adrianus,
2247 2391 2324 2452 et
2356 2383 2482 2454 lib.
2518 2399 2664 2454 vu.
2700 2383 2826 2456 lib.
2861 2401 3018 2456 111.
3053 2383 3180 2459 lib.
3209 2400 3392 2458 xlx.
3429 2382 3655 2470 Haec,
3677 2395 3767 2459 ut
3787 2407 3894 2458 so·

1094 2515 1317 2577 rores,
1367 2515 1515 2566 non
1563 2503 1715 2567 tam
1766 2495 1981 2567 Scota
2026 2506 2198 2570 ortu
2245 2519 2466 2588 quam
2517 2496 2771 2570 Scotae
2817 2497 2988 2572 filia.
3089 2497 3354 2575 Petrus
3401 2499 3526 2574 lib.
3565 2517 3683 2574 tx.
3741 2523 3890 2594 cap.

1095 2626 1493 2680 Lxxxvn.
1592 2609 1958 2682 Ecclesiae
2006 2609 2456 2686 Coloniensis
2504 2621 2686 2696 acta,
2738 2612 3006 2688 Petrus
3051 2611 3510 2706 Cratcpolius
3563 2616 3645 2688 in
3701 2616 3890 2690 illius

1090 2723 1747 2819 archiepiscopatus
1794 2725 2261 2810 successione,
2318 2726 2370 2797 J
2369 2749 2636 2803 oannes
2685 2727 3102 2806 Gualterius
3144 2729 3226 2802 in
3267 2727 3630 2804 Chronico
3673 2729 3890 2804 Claro-

1087 2839 1413 2912 nicorum
1448 2861 1611 2936 pag.
1648 2857 1999 2914 necmx.

1185 2953 1413 3028 Passa
1440 2965 1552 3030 est
1582 2979 1776 3031 anno
1806 2973 2089 3032 entur.
2190 2957 2477 3034 Colitur
2511 2961 2632 3034 die
2665 2977 2852 3034 xxl.
2883 2960 3180 3038 Octobr.

1842 3187 1918 3262 S.
1970 3187 2444 3264 1301leth
2489 3189 2857 3267 ABBAS.
2961 3197 3132 3273 127.

1088 3419 1163 3493 S.
1196 3421 1611 3507 Bouttos,
1644 3421 1864 3496 abbas
1898 3422 2421 3512 Mailrosensis,
2455 3435 2502 3470 ⁶⁸
2533 3425 2956 3500 sublimium
2987 3426 3348 3504 virtutum
3380 3427 3778 3509 monachus
3817 3438 3886 3500 et

1084 3539 1475 3624 sacerdos‚'’
1506 3541 1615 3612 ait
1652 3538 1853 3610 Beda
1884 3540 1965 3610 in
1992 3537 2171 3612 Vita
2195 3539 2274 3612 S.
2301 3542 2686 3614 Cuthberti
2719 3564 2876 3636 cap.
2895 3561 3016 3615 vl.
3042 3543 3275 3618 Fama
3295 3543 3704 3618 sanctitatis
3725 3565 3892 3618 suae

1080 3675 1331 3747 sparsa
1362 3655 1617 3739 effecit,
1650 3665 1738 3727 ut
1771 3655 1965 3728 idem
1994 3656 2119 3728 ille
2152 3655 2232 3727 S.
2271 3655 2716 3730 Cuthbertus
2751 3679 2829 3730 se
2863 3659 2930 3730 ei
2962 3659 3040 3730 in
3071 3659 3528 3751 disciplinam
3555 3659 3889 3742 traderet,

1076 3779 1169 3842 ‚ut
1201 3769 1466 3842 ibidem
1498 3771 1635 3843 loci
1670 3771 2004 3845 habetur.
2106 3771 2315 3845 Idem
2347 3771 2668 3844 famulus
2701 3771 2842 3844 Dei
2874 3775 3272 3846 moriturus
3305 3775 3514 3846 illum
3537 3775 3700 3868 jam
3743 3795 3892 3847 mo-

1080 3887 1395 3957 nasticae
1428 3887 1622 3958 vitae
1655 3887 1991 3960 tirocinio
2022 3889 2324 3960 decurso
2359 3889 2810 3960 sanctissime
2839 3897 3200 3984 agentem,
3231 3888 3642 3962 salubribus
3665 3887 3892 3965 moni·

1080 4000 1179 4070 tis
1208 3999 1575 4084 insonnat,
1608 4009 1685 4073 et
1716 4001 1945 4074 totius
1978 4003 2176 4073 vitae
2211 4003 2586 4098 sigillatim
2619 4003 2978 4087 admonet,
3005 4025 3158 4097 cap.
3189 4020 3373 4076 vul.
3416 4001 3578 4076 Hoc
3601 4003 3669 4074 ei
3695 4023 3892 4098 mag-

1078 4113 1371 4186 nificum
1405 4114 1687 4211 affingit
1718 4117 2031 4211 elogium
2076 4119 2157 4188 in
2207 4117 2453 4189 eadem
2499 4119 2658 4190 vita
2699 4141 2855 4212 cap.
2905 4137 3124 4192 xxn.
3221 4129 3269 4162 “
3298 4116 3776 4202 Venerabilis,
3817 4126 3892 4190 et

1076 4249 1242 4302 cum
1276 4231 1473 4300 omni
1508 4229 2053 4304 honorificentia
2085 4232 2566 4306 nominandus
2597 4255 2850 4306 servus
2883 4232 3163 4306 Christi
3207 4232 3550 4316 Boisilus,
3603 4233 3732 4325 qui
3777 4251 3891 4304 me

1074 4345 1155 4416 in
1188 4343 1647 4416 Mailrosensi
1679 4347 2117 4420 monasterio
2152 4346 2405 4440 (verba
2433 4349 2662 4440 ipsius
2697 4356 2870 4421 sunt
2915 4347 3332 4444 Cutbberti)
3376 4345 3742 4441 quondam
3783 4368 3888 4419 se-

1072 4481 1217 4531 nex
1252 4459 1767 4532 adolescentem
1803 4462 2196 4546 nutriebat,
2241 4471 2318 4535 et
2359 4463 2552 4536 inter
2595 4465 3104 4547 enutriendum
3151 4472 3430 4545 cuncta,
3474 4481 3662 4554 quae
3707 4461 3882 4536 mihi

1076 4589 1285 4646 erant
1315 4582 1647 4658 ventura,
1679 4577 2101 4668 prophetica
2132 4579 2438 4650 veritate
2470 4579 2898 4670 praedixit.”
3003 4577 3311 4670 Scripsit

1367 4685 1481 4760 De
1515 4688 1697 4761 Fide
1727 4711 1912 4784 quae
1942 4711 2075 4783 per
2106 4691 2558 4766 charitatem
2590 4705 2940 4789 operatur
3175 4691 3300 4766 lib.
3339 4709 3392 4762 1.

1367 4800 1457 4876 In
1490 4800 1971 4902 Evangelium
2009 4803 2322 4882 Joannis
3163 4807 3288 4880 lib.
3329 4823 3384 4880 1.
