4384 5817
1375 523 1732 593 GENTIS
1774 522 2333 605 scoTORUM,
2380 522 2562 593 LIB.
2610 524 2665 591 1.
3339 522 3425 591 17

916 712 1094 789 Vita
1127 711 1202 785 S.
1236 710 1687 787 willibrordi
2151 748 2156 753 ·
2298 714 2425 787 lib.
2463 732 2518 786 1.
2538 712 2869 787 carmine
2900 711 3191 805 scripta.

916 826 1178 925 Elegia
1211 830 1289 899 in
1321 826 1396 899 S.
1435 828 1854 924 Wilgisum.
3008 862 3011 868 ·

720 942 997 1015 Putant
1031 966 1183 1015 esse
1215 938 1372 1039 ejus
1403 951 1492 1014 ut
1521 964 1791 1035 supra:
2306 974 2312 981 ·

915 1058 1030 1130 De
1061 1058 1308 1131 Rebus
1341 1057 1692 1130 Romanis
2306 1059 2431 1132 lib.
2470 1078 2523 1133 1.
2558 1060 2797 1133 Falso.

915 1172 1030 1245 De
1061 1173 1324 1245 Mettis
2310 1176 2433 1249 lib.
2472 1194 2527 1248 1.
2560 1175 2673 1249 De
2704 1176 2891 1249 libro
2916 1175 3081 1247 vide
3112 1198 3197 1247 ea
3226 1194 3411 1267 quae

867 1294 874 1301 ’
1016 1309 1238 1380 supra
1268 1290 1358 1359 de
1389 1312 1476 1359 eo
1507 1290 1701 1361 dicta
1731 1300 1924 1363 sunt.

719 1402 890 1476 Non
922 1403 1116 1475 edita
1145 1424 1316 1477 vero
1349 1412 1522 1475 sunt
1555 1426 1774 1497 opera
1793 1406 1952 1500 ejus
1975 1427 2122 1478 non
2146 1354 2394 1498 pauca.
2474 1406 2565 1479 In
2589 1405 3057 1479 Vallicellana
3076 1414 3409 1477 servatur

621 1518 781 1591 MS.
828 1520 1086 1615 ingens
1129 1520 1533 1600 thesaurus,
1575 1520 1681 1591 ait
1721 1517 2080 1593 Batonius
2119 1521 2215 1592 ad
2260 1542 2533 1593 annum
2578 1536 3104 1593 nccnxxvm.
3140 1516 3406 1591 Annal.

915 1632 1146 1707 Vetus
1180 1633 1588 1706 Bibliorum
1619 1634 1868 1707 Codex
2306 1637 2433 1711 lib.
2470 1652 2525 1706 1.

619 1748 712 1821 In
746 1748 1196 1823 Bibliotheca
1229 1748 1696 1842 Imperatoris
1728 1748 2168 1821 Viennensi:
2226 1778 2233 1785 ·

912 1864 1336 1937 Intercessio
1368 1872 1502 1958 pro'
1531 1885 1756 1957 puero
1789 1863 2052 1937 Mauro
2302 1867 2425 1941 lib.
2464 1884 2518 1939 1.

915 1980 1094 2053 Vita
1125 1980 1200 2051 S.
1235 1980 1560 2053 Richarii
2300 1983 2427 2055 lib.
2463 2000 2516 2055 1.
2616 1980 2873 2055 Sui-ius
2908 1998 3147 2055 xxvr.
3178 1982 3365 2076 Apr.

911 2086 1088 2173 Vita
1119 2100 1194 2171 S.
1229 2100 1703 2183 willibrordi,
1738 2122 1971 2193 prosa,
2293 2098 2419 2171 lib.
2457 2116 2509 2169 1.
2610 2097 2775 2168 Sur.
2820 2114 2968 2172 vn.
3011 2096 3088 2168 N
3086 2097 3403 2170 ovembr.

713 2215 1039 2287 Maxima
1069 2216 1226 2311 ejus
1263 2216 1614 2287 claritudo
1645 2216 1953 2287 a·Paulo
1993 2213 2465 2286 ·Warnefi·ido
2512 2220 2931 2285 recensetur.
2968 2212 3049 2283 in
3100 2210 3404 2284 Chroni-

611 2353 742 2403 co:
779 2339 826 2372 ‘⁶
849 2330 1232 2402 Elifandus
1266 2329 1662 2402 Toletanus
1695 2330 2066 2423 episcopus
2098 2329 2453 2401 haeresim
2478 2327 2937 2409 excitaverat,
2970 2348 3118 2419 qua
3141 2348 3404 2399 assere-

615 2448 740 2520 bat
772 2468 932 2518 cum
967 2444 1206 2517 Felice
1237 2446 1428 2517 socio
1459 2442 1690 2515 filium
1715 2444 1855 2515 Dei
1878 2445 2301 2537 adoptivum
2324 2451 2635 2525 tantum,
2660 2464 2807 2515 non
2831 2444 3205 2535 proprium
3230 2464 3404 2524 esse,

600 2584 832 2655 ,quam
861 2561 1214 2632 haeresim
1247 2560 1520 2654 synodo
1553 2559 1648 2630 ad
1677 2558 2192 2632 Francfurtum
2225 2558 2497 2630 indicta
2536 2557 3009 2649 reprobavere
3058 2556 3404 2630 Paulinus

611 2675 1144 2772 Aquilegiensis
1199 2674 1632 2768 patriarcha,
1687 2673 1948 2747 Petrus
2007 2674 2565 2746 Mediolanensis
2622 2670 3216 2765 archiepiscopus,
3272 2670 3403 2743 Al·

613 2793 866 2865 cuinus
899 2791 990 2862 de
1023 2788 1470 2873 Britannia‚''
1503 2812 1694 2862 anno
1729 2806 2116 2861 Dccxclv.

709 2907 974 2980 Obitus
1007 2906 1166 3000 ejus
1201 2906 1400 2977 varie
1431 2904 1786 2977 refertur·
1836 2906 2070 2997 placet
2101 2904 2495 2988 odoranni,
2522 2902 2855 2975 monachi
2881 2902 2957 2977 S.
2992 2900 3192 2975 Petri
3226 2902 3401 2976 vivi

613 3022 1062 3105 Senonensis,
1091 3022 1446 3093 sententia
1469 3022 1550 3091 in
1576 3019 1916 3093 Chronici
1939 3018 2347 3117 frag-mento
2373 3035 2709 3091 Dcccnl.
2754 3016 3029 3090 “Obiit
3044 3018 3401 3089 Alcuinus

613 3136 1080 3232 philosophus
1111 3136 1273 3207 abb.
1309 3134 1386 3207 S.
1425 3134 1758 3207 Martini.
1842 3134 2182 3227 Sepultus
2216 3136 2309 3206 ad
2342 3132 2419 3205 S.
2459 3133 2770 3207 Paulum
2802 3135 2891 3205 de
2924 3132 3399 3217 Comariaoo,

611 3254 804 3347 quoa
835 3252 1350 3323 monasteiium
1381 3253 1462 3321 in
1495 3251 1726 3343 ipsius
1757 3251 2068 3346 gratiam
2092 3248 2432 3324 fundavit
2456 3248 2756 3323 Carolus
2782 3248 3163 3344 Magnus-'⁹
3215 3246 3296 3323 M
3300 3249 3402 3319 al-

619 3368 931 3441 m'esbur.
966 3366 1092 3438 lib.
1128 3383 1181 3438 1.
1217 3364 1498 3438 Histor.
1535 3366 1719 3461 Reg.
1754 3365 1976 3461 Angl-

617 3512 630 3523 ·
705 3482 1030 3555 Tantum
1062 3490 1138 3553 et
1170 3484 1386 3553 talem
1419 3483 1662 3553 virum
1693 3504 1844 3555 non
1873 3482 2087 3555 modo
2119 3482 2449 3577 Anglum
2490 3482 2819 3555 nonnulli
2864 3480 3111 3563 fecere,
3156 3480 3283 3551 sed
3326 3490 3399 3551 et

611 3597 921 3682 Gallum,
971 3604 1070 3669 ut.
1103 3597 1184 3667 in
1235 3596 1590 3669 Chronico
1641 3596 2168 3671 Canonicorum
2217 3596 2689 3693 Regularium
2740 3596 2933 3688 apud
2982 3595 3397 3667 Zachariam

611 3712 1088 3786 vicentium*
1121 3710 1670 3784 Benedictinum
1721 3734 1810 3783 ex
1857 3711 2137 3783 Joanne
2187 3712 2278 3783 de
2318 3710 2555 3806 Nigra
2592 3710 2821 3793 Valle,
2862 3708 3397 3783 bibliothecario

609 3830 1017 3923 apostolico,
1051 3828 1148 3899 in·
1164 3825 1564 3911 chronicis,
1601 3828 1882 3923 epilogo
1924 3843 2112 3897 xln.
2162 3847 2315 3918 cap.
2353 3841 2597 3898 XVIII.
2646 3823 2764 3897 Jo.
2816 3822 3197 3917 Philippus
3246 3822 3324 3895 N
3322 3846 3399 3895 o-

603 3944 960 4017 vaniensis
1005 3941 1146 4014 lib.-
1184 3959 1262 4012 v-
1314 3940 1654 4015 chronici
1675 4002 1682 4009 .
1703 3964 1856 4035 cap.
1894 3959 2006 4014 vl.
2107 3939 2249 4013 Sed
2282 3962 2451 4013 suos
2484 3943 2575 4013 ad
2608 3962 2687 4013 se
2718 3938 2958 4013 Gallia
2984 3937 3393 4035 Angliaque

612 4060 972 4142 admistae,
1009 4064 1146 4129 aut
1176 4059 1334 4151 lege
1375 4057 1678 4149 antiqua
1719 4056 2058 4141 vindicet,
2093 4054 2381 4129 Soetiae-
2404 4054 2655 4131 Scotos
2686 4053 3069 4149 relinquat.
3171 4051 3395 4127 Plura

612 4175 688 4249 in
721 4173 1104 4267 Apparatu
1131 4170 1410 4245 Scotico
1441 4192 1606 4267 pag.
1644 4188 1810 4243 cm.

1565 4404 1640 4475 S.
1689 4402 2218 4480 ALFRICUS.
2262 4462 2267 4471 .
2322 4410 2441 4479 14.

610 4638 686 4709 S.
739 4637 1186 4719 Ammona,
1236 4637 1608 4729 episeopus
1659 4644 1732 4708 et
1779 4646 2079 4731 martyr,
2129 4640 2235 4710 ait
2280 4638 2331 4709 J
2333 4660 2597 4711 oannes
2647 4660 2693 4709 a
2740 4636 2977 4733 Nigra
3032 4634 3239 4709 Valle
3290 4636 3395 4709 bi·-

611 4752 1116 4827 bliothecarius
1205 4754 1659 4843 apostolicus,
1761 4753 2032 4824 ordinis
2107 4752 2883 4835 Praenominum,
2974 4752 3055 4823 in
3134 4748 3392 4843 Epito-

1987 4884 2042 4937 ι)

4028 5741 4311 5775 —k
