4384 5817
1078 652 1211 715 330
1810 676 1819 688 ·
1846 652 2314 721 HISTORIA
2363 652 3120 722 ECCLESIASTICA

1378 840 1914 937 Singula-iacit
1946 842 2127 915 Jure
2162 842 2516 915 Caesareo
3061 844 3185 916 lib.
3227 862 3280 914 1.

1182 958 1521 1031 Florebat
1554 982 1745 1031 anno
1784 976 2059 1029 Mnxx.
2097 958 2410 1031 Boethio
2443 960 2786 1051 aequalis.

1770 1191 1819 1263 J
1822 1190 2115 1263 OANN
2120 1190 2244 1263 ES
2293 1188 2894 1263 GRYSONIUS.
2997 1188 3166 1271 619.

1076 1422 1125 1491 J
1130 1440 1467 1495 oANNEs
1524 1422 1955 1517 Grysonius,
2012 1422 2474 1495 Dominicani
2532 1424 2852 1495 instituti
2911 1424 3170 1506 socius,
3237 1426 3316 1495 in
3379 1422 3880 1497 Aberdonensi

1076 1540 1441 1613 academia
1472 1542 1915 1634 praeclarum
1950 1563 2214 1613 nomen
2250 1564 2292 1611 a
2343 1540 2550 1611 bonis
2597 1540 2876 1611 artibus
2925 1540 3213 1625 meruit,
3267 1540 3574 1636 triginta
3621 1542 3878 1612 deinde

1084 1666 1273 1728 totos
1306 1680 1533 1729 annos
1566 1658 1843 1729 ordinis
1876 1658 1993 1727 sui
2026 1656 2508 1750 provincialis.
2611 1654 2946 1747 Scripsit·

1368 1772 1483 1845 De
1542 1772 1845 1845 Miseria
1912 1772 2363 1868 Religionem
2433 1770 2878 1845 catholicam
2947 1772 3026 1843 in
3083 1770 3327 1846 Scotia
3381 1773 3874 1867 profitentium

1468 1890 1593 1961 lib.
1633 1907 1687 1959 1.

1368 2006 1481 2077 De
1513 2004 1708 2077 Casu
1744 2004 2043 2077 Ordinis
2078 2006 2218 2087 sui,
2251 2012 2326 2075 et
2361 2002 2820 2095 Paupertate,
2921 2002 3048 2075 lib.
3085 2022 3138 2074 1.
3223 2004 3516 2077 Literae
3547 2014 3720 2077 sunt
3753 2026 3876 2097 pe·

1464 2142 1593 2193 nes
1626 2120 1721 2192 R.
1759 2120 1847 2192 P.
1866 2119 2222 2192 ‚Plodium
2265 2118 2818 2203 Bononiensem,
2869 2129 2944 2191 et
2993 2128 3246 2191 extant
3293 2120 3374 2193 in
3425 2120 3730 2193 historia
3779 2122 3870 2193 ab

1462 2260 1549 2309 eo
1582 2239 1873 2329 scripta.

1174 2354 1510 2426 Pervenit
1562 2374 1790 2445 usque
1840 2355 1933 2425 ad
1984 2374 2258 2425 annum
2311 2369 2678 2423 MDLXIV.
2783 2350 3126 2424 Meminit
3183 2352 3458 2433 Hector
3515 2352 3870 2425 Boethius

966 2521 975 2529 -
1066 2472 1143 2541 in
1176 2470 1331 2542 vita
1362 2467 1703 2541 Gulielmi
1738 2468 2212 2563 Elphinstoni
2245 2468 2370 2539 lib.
2405 2468 2494 2537 de
2529 2466 2914 2561 Episcopis
2947 2466 3606 2542 Aberdonensibus.

2094 2668 2184 2737 B.
2239 2664 2586 2739 GUIDO.
2689 2662 2859 2739 620.

1065 2819 1155 2888 Β.
1214 2819 1513 2905 GUIDO,
1563 2818 1639 2891 S.
1693 2817 2069 2889 Benedicti
2120 2816 2534 2899 monachus,
2588 2838 2628 2884 e
2677 2818 3230 2913 congregatione
3281 2814 3714 2901 Turonensi,
3775 2820 3866 2891 de

1062 2958 1207 3027 qua
1240 2938 1473 3009 multa
1506 2936 1585 3007 in
1618 2936 2005 3028 Apparatu
2038 2935 2131 3003 ad
2168 2932 2574 3002 Historiam
2609 2928 2986 3017 Senticam,
3039 2932 3158 3003 vir
3203 2932 3349 3004 fuit
3380 2934 3576 3003 illius
3609 2938 3864 3007 aetatis

1062 3052 1565 3147 dignissimus3
1602 3054 1691 3123 de
1712 3072 1857 3143 quo
1878 3048 2278 3120 audiendus
2299 3058 2550 3117 auctor
2569 3046 3084 3120 Scotichronici
3109 3048 3232 3119 lib.
3269 3066 3384 3118 lx.
3411 3070 3563 3141 cap.
3589 3068 3860 3122 xxvn.

1067 3176 1113 3209 ‘⁶
1146 3166 1407 3251 Guido,
1444 3170 1720 3260 primus
1755 3166 1973 3237 abbas
2007 3165 2095 3234 de
2130 3162 2510 3243 Londoris,
2555 3184 2720 3233 cum
2755 3164 2994 3253 ipsum
3027 3166 3261 3235 locum
3297 3188 3342 3235 a
3373 3163 3862 3239 fundammtis

1062 3283 1523 3367 extruxisset,
1572 3294 1647 3355 et
1700 3281 2015 3352 officinas
2066 3300 2332 3374 magna
2379 3300 2472 3349 ex
2519 3288 2724 3369 parte
2773 3278 3208 3370 perfecisset,
3258 3290 3334 3351 et
3381 3278 3532 3351 fere
3577 3302 3708 3373 per
3757 3284 3866 3353 ui-

1060 3399 1251 3497 ginti
1288 3408 1449 3470 octo
1483 3420 1709 3469 annos
1744 3396 2261 3467 monasterium
2307 3403 2598 3466 strenue
2643 3396 2966 3477 rexisset,
3013 3395 3398 3467 monachos
3443 3398 3864 3487 superstites

1060 3518 1470 3607 relinquens
1505 3514 1777 3595 ordine,
1822 3522 1899 3583 et
1946 3510 2292 3605 religione
2339 3510 2658 3601 plenarie
2697 3509 3146 3593 informatos,
3191 3533 3438 3583 omnes
3477 3510 3736 3585 fratres
3771 3516 3862 3587 de

1058 3632 1407 3703 charitate
1442 3638 1699 3701 mutua
1730 3627 2143 3709 exhortans,
2180 3635 2258 3696 et
2290 3648 2337 3695 a
2371 3627 3063 3721 transgressionibus
3097 3628 3496 3713 absolvens,
3539 3637 3615 3700 et
3645 3630 3740 3701 ab
3771 3632 3861 3702 iis

1059 3748 1430 3820 absolth
1463 3758 1539 3819 et
1570 3745 1955 3823 osculatus,
1990 3742 2181 3812 inter
2215 3741 2435 3813 verba
2465 3736 2958 3813 collocutionis
2993 3752 3211 3835 caput
3243 3745 3322 3813 in
3355 3765 3576 3815 manu
3609 3744 3860 3817 fratris

1058 3864 1195 3933 sibi
1233 3863 1616 3934 assidentis
1648 3860 2027 3940 reclinans,
2060 3858 2270 3951 quasi
2305 3858 2690 3941 dormiens,
2717 3856 2934 3929 hilari
2959 3860 3170 3931 vultu
3203 3860 3484 3951 quievit
3507 3860 3582 3931 in
3607 3860 3858 3933 Domi-

1058 3980 1217 4051 no.”
1322 3977 1629 4071 Scripsit

1354 4094 1473 4165 Ad
1525 4091 1883 4165 Davidem
1938 4090 2424 4163 Fundatorem
2693 4092 2818 4163 lib.
2857 4110 2909 4162 1.
2963 4089 3142 4162 Fuit
3185 4091 3306 4163 hic
3353 4114 3587 4164 comes
3641 4092 3854 4165 Hun-

1455 4210 1829 4293 tintoniae,
1850 4209 2045 4305 regis
2070 4206 2444 4278 wilhelmi
2471 4202 2720 4288 frater,
2753 4206 2882 4298 qui
2905 4206 3092 4277 bello
3113 4204 3524 4279 Palaestino
3555 4206 3860 4280 feliciter

1444 4325 1771 4398 confecto
1806 4326 2037 4397 redux
2067 4324 2143 4393 in
2192 4324 2526 4414 patriam,
2575 4322 2808 4393 locum
2853 4322 3058 4392 illum
3093 4320 3452 4395 fundavit.
3509 4322 3858 4397 Boethius

1448 4443 1575 4515 lib.
1616 4460 1805 4513 xm.

1357 4557 1921 4630 Exhortationes
1954 4557 2047 4627 ad
2080 4554 2400 4625 Fratres.

1150 4678 1455 4750 Creatus
1514 4674 1733 4746 abbas
1794 4692 1985 4743 anno
2047 4688 2464 4751 MCLxxvn
2529 4670 2710 4741 obiit
2759 4692 2950 4743 auno
3003 4686 3358 4743 uccmx.
3419 4671 3536 4742 die
3585 4670 3660 4742 S.
3715 4672 3857 4745 Bo-

1062 4792 1323 4886 tulphi,
1358 4788 1939 4865 Scotichronicon
1980 4788 2135 4859 loco
2177 4788 2518 4859 laudato:
2566 4808 2712 4879 quo
2761 4788 2876 4859 die
2927 4789 3218 4873 ecclesia
3267 4790 3390 4861 illa
3439 4790 3858 4861 memoriam

1058 4908 1324 4981 recolit.
