4384 5817
1059 503 1150 572 90
1827 495 2294 570 ΗΙΘΤΟΒΙΔ
2336 491 3089 568 ECCLESIASTICA

1360 687 1472 762 De
1505 687 1854 764 Paradiso
1885 685 2273 774 Ten-ectri,
2306 686 2401 759 ad
2431 684 2903 761 Brendanum
2932 683 3389 778 discipulum,
3420 681 3547 758 lib.
3582 701 3639 758 1.

1158 805 1367 880 Vixit
1391 827 1584 878 anno
1607 819 1742 878 nc.
1769 811 1902 878 aut
1923 803 2233 880 circiter.
2298 801 2643 884 Meminit
2664 797 2929 878 Petru-
2960 797 3353 896 Equilinas
3372 799 3501 878 lib.
3526 815 3605 871 v·
3638 799 3859 876 Cata·

1060 923 1208 1021 logi
1239 942 1395 1016 eap.
1430 936 1694 995 cxvn.

2032 1267 2110 1342 S.
2159 1263 2597 1342 BEATUS.
2702 1269 2869 1346 159.

1059 1503 1134 1576 S.
1168 1500 1536 1588 Barrus,
1567 1500 1892 1587 eremita,
1923 1497 2311 1586 confessor,
2350 1499 2719 1592 apostolus
2760 1495 3291 1585 Helvetiorum,
3332 1497 3577 1574 Sancti
3627 1497 3853 1584 Petri,

1059 1619 1546 1712 apostolorum
1578 1617 1950 1712 principis,
1993 1615 2415 1708 discipulus,
2458 1635 2625 1690 eum
2668 1615 2751 1690 in
2780 1611 3021 1690 Seotia
3050 1611 3129 1690 S.
3160 1613 3537 1694 Barnabas
3578 1617 3857 1690 eundo-

1055 1741 1374 1820 naretur,
1407 1733 1816 1806 adolescens
1839 1739 2018 1818 erat,
2043 1739 2118 1806 et
2141 1731 2535 1806 vocabatur
2556 1729 2969 1814 Suetonius.
2994 1727 3183 1804 forte
3204 1727 3589 1816 Setonius3
3622 1741 3699 1804 et
3722 1731 3857 1804 hoc

1053 1851 1502 1942 praeclarum
1549 1849 2008 1945 antiquitatis
2057 1857 2607 1922 monumentum
2662 1844 3093 1920 nobilissimi
3150 1853 3227 1920 et
3280 1847 3861 1920 excellentissimi

1053 1965 1456 2040 stemmatis
1487 1963 1970 2050 Setoniorum,
2003 1962 2213 2058 eujus
2242 1970 2464 2056 eaput
2490 1961 2705 2036 hodie
2736 1960 3031 2034 comites
3054 1959 3475 2036 wintoniae
3500 1972 3575 2038 et
3598 1961 3855 2059 Eglin·

1053 2080 1317 2165 toniae,
1359 2077 1644 2166 stati-es,
1687 2101 1998 2176 quorum
2041 2085 2349 2172 patruus
2390 2073 2806 2151 Alexander
2834 2097 3070 2149 eomes
3112 2073 3671 2160 Dunfermelini,
3716 2093 3855 2150 xl„

1052 2195 1262 2270 annis
1305 2193 1588 2270 Sootiae
1634 2195 2120 2278 cancellarius,
2154 2192 2595 2292 jampridem
2642 2191 2967 2264 excessit.
3068 2187 3211 2264 Sed
3256 2191 3351 2264 ad
3394 2191 3705 2266 Beatum
3750 2215 3855 2264 re·

1051 2312 1209 2396 deo,
1241 2311 1372 2406 qui
1401 2309 1814 2404 baptizatus
1840 2331 1889 2382 a
1919 2308 2184 2382 Sancto
2216 2306 2576 2391 Bai-naba,
2618 2303 2779 2380 Deo
2822 2305 3225 2380 serviturus
3268 2305 3579 2380 Romam
3624 2309 3856 2399 petiit,

1051 2435 1126 2500 et
1147 2449 1196 2500 a
1215 2426 1482 2499 Sancto
1505 2425 1726 2498 Petro
1747 2425 1842 2498 ad
1869 2423 2246 2500 Helvetios
2268 2421 2695 2508 destinatus,
2726 2429 2893 2516 post
2922 2422 3203 2516 aliquot
3230 2443 3459 2498 annos
3491 2419 3855 2496 fructuose

1051 2545 1452 2624 collocatos,
1499 2540 1594 2612 ad
1641 2561 1964 2612 eremum
2011 2559 2090 2612 se
2135 2538 2470 2632 eontulit,
2520 2537 2903 2614 draconem
2948 2537 3231 2616 occidit.
3335 2537 3539 2612 Haec
3570 2559 3663 2614 ex
3696 2538 3855 2634 ejus

1051 2655 1248 2743 Vita,
1281 2678 1502 2752 quam
1533 2655 1798 2728 Daniel
1831 2651 2180 2752 Agricola
2208 2653 2539 2730 Basileae
2568 2653 2801 2732 edidit
2826 2673 3021 2728 anno
3058 2669 3311 2728 amn.
3345 2653 3657 2728 Frustra
3679 2652 3859 2728 Per-

1051 2773 1299 2846 sonius
1333 2793 1500 2845 eum
1529 2769 1860 2868 Anglum
1891 2769 2092 2854 facit,
2125 2789 2295 2844 cum
2324 2777 2404 2842 et.
2428 2767 2611 2844 Vita
2638 2769 2797 2866 ejvs
2828 2777 2903 2844 et
2936 2765 3297 2866 Georgius
3330 2768 3705 2844 Garnefelt
3749 2771 3859 2842 di·

1053 2900 1242 2962 uerte
1275 2885 1558 2960 Scotiae
1589 2894 1914 2964 asserant
1941 2885 2070 2962 lib.
2099 2903 2213 2960 nr.
2246 2885 2337 2960 de
2358 2883 2537 2960 Vita
2558 2883 3059 2961 Eremitarum
3080 2906 3237 2980 cap.
3264 2903 3321 2959 1.
3420 2884 3544 2958 Ad
3577 2885 3709 2960 hos
3740 2908 3857 2958 ae-

1053 3003 1244 3076 cedit
1275 3002 1551 3076 Beatus
1585 3001 1984 3076 Rhenanus
2013 3002 2143 3076 lib.
2179 3019 2305 3076 111.
2338 3001 2617 3074 Rerum
2650 2997 3141 3077 Germanica.
3188 2999 3539 3078 stumfius
3585 3000 3853 3076 chron.

1055 3118 1456 3192 Helvetior.
1490 3115 1617 3191 lib.
1652 3133 1800 3188 vn.
1833 3138 1992 3211 cap.
2025 3135 2245 3210 xxm.
2279 3115 2447 3194 Gal.
2477 3114 2891 3214 Eisengrin.
2916 3139 3073 3212 par.
3101 3133 3178 3190 v,
3204 3117 3525 3192 distinet.
3554 3133 3643 3190 11.
3670 3129 3851 3190 cent.

1054 3251 1145 3306 11.
1179 3242 1252 3306 et
1285 3241 1570 3326 praeter
1601 3231 1737 3304 hos
1770 3231 1990 3304 etiam
2019 3222 2423 3304 haereticus
2454 3230 2853 3304 Pantaleon
2885 3232 2975 3303 de
3005 3230 3209 3307 Viris
3242 3229 3672 3306 Germaniae
3698 3255 3849 3326 par.

1057 3367 1179 3422 111.
1227 3357 1303 3423 et
1341 3345 1574 3420 Sentis
1617 3344 1818 3419 favet
1865 3345 2131 3444 Georg.
2179 3343 2529 3422 Wicelius
2576 3346 2703 3422 lib.
2738 3363 2819 3420 V.
2870 3369 3029 3444 αι).
3064 3364 3439 3422 xxxvln.
3491 3345 3637 3420 Hic
3686 3369 3856 3422 vero

1052 3467 1270 3538 etiam
1337 3462 1641 3556 primus,
1709 3470 1840 3534 aut
1905 3461 2097 3534 inter
2153 3462 2449 3554 primos,
2515 3463 2901 3538 occidentis
2957 3463 3349 3538 monachus
3406 3473 3481 3538 et
3536 3465 3853 3546 eremita,

1053 3579 1250 3674 quod
1279 3577 1620 3652 haeretiei
1651 3577 2086 3661 testimonio,
2119 3574 2417 3674 Aegidii
2450 3576 2747 3663 Tscudi,
2780 3580 3032 3672 liquet,
3066 3591 3141 3654 et
3174 3577 3639 3654 carthusiani
3685 3581 3857 3673 piis·

1054 3695 1220 3768 simi
1246 3694 1388 3766 viri
1413 3693 1842 3767 auctoritate
1865 3691 2239 3786 probatur,
2262 3693 2533 3778 eeitioet
2554 3694 2832 3770 laudati
2852 3693 3230 3772 Garnefelt
3250 3717 3417 3794 pag.
3446 3711 3853 3792 cnxxxxy.

1057 3812 1147 3884 de
1176 3831 1324 3907 quo
1355 3809 1459 3884 sic
1489 3809 1728 3884 canit:

1659 3951 1782 4014 Hie
1807 3971 1946 4014 vara
1968 3949 2275 4016 Helvetiis
2297 3951 2555 4016 ostendit
2576 3954 2839 4026 numina,
2868 3953 3037 4018 Petri

1745 4045 1978 4114 Unctus
1999 4059 2130 4110 erat
2155 4046 2385 4120 datm
2412 4048 2711 4113 Barnabae
2735 4049 3009 4115 alumnus
3032 4061 3179 4123 erat,

1655 4145 1718 4205 N
1719 4143 2112 4226 ominereqne
2138 4141 2377 4214 Beatus,
2402 4163 2602 4206 amans
2626 4143 2875 4216 dasena,
2900 4145 3136 4208 beatum

1738 4237 1958 4310 Solum,
1985 4237 2090 4320 qui
2116 4235 2275 4299 solus
2298 4237 2495 4300 vivere
2520 4257 2647 4302 esse
2670 4251 2853 4304 ratus.

1155 4389 1361 4464 Obiit
1408 4411 1597 4464 anno
1645 4388 1900 4462 salutis
1949 4403 2152 4460 exn.
2204 4387 2461 4460 aetatis
2506 4405 2641 4461 xe.
2694 4389 2979 4464 Colitur
3011 4405 3129 4462 11.
3164 4385 3373 4462 Maii.
3421 4389 3853 4484 Martyrolo·

1057 4507 1260 4602 gium
1295 4505 1730 4589 Romanum,
1775 4503 2134 4589 canisius,
2180 4501 2542 4578 Molanus.
2590 4503 2815 4576 Errat
2860 4503 2947 4576 P.
2996 4503 3473 4600 Cratepolius,
3514 4505 3643 4601 qui
3687 4525 3853 4598 pag.

1061 4637 1241 4694 xxx.
1276 4621 1367 4694 de
1391 4619 1672 4708 Sanctis
1699 4618 2066 4694 Germani.
2091 4619 2199 4692 ait
2222 4619 2425 4694 illum
2456 4643 2503 4693 a
2524 4618 2601 4694 S.
2626 4619 2849 4694 Petro
2882 4619 3157 4694 Romae
3188 4619 3659 4716 baptizatum,
3692 4641 3857 4694 cum

1060 4747 1406 4824 auctores,
1441 4757 1624 4833 quos
1655 4737 2050 4822 nominavi,
2085 4734 2164 4812 id
2196 4736 2275 4810 in
2309 4733 2551 4812 Scotia
2582 4747 2823 4812 actum
2854 4736 3183 4832 prodant.
