4384 5817
1031 465 1164 531 212
1423 400 1444 420 ·
1543 529 1550 537 .
1803 461 2273 535 HISTORIA
2318 463 3069 538 ECCLESIASTICA

1036 656 1320 747 quibus,
1353 657 1560 749 quasi
1593 655 1816 739 trabe,
1850 655 2231 748 pependit:
2282 677 2530 728 verum
2565 655 2947 730 Versarius
2978 657 3070 729 ab
3101 681 3187 732 eo
3218 659 3567 752 advitam
3616 685 3875 737 revo-

1039 782 1263 854 catus,
1299 780 1534 842 totum
1579 771 2094 862 patrimonium
2127 773 2561 843 monasterio
2604 775 2999 844 extruendo
3030 775 3413 870 dilargitus
3444 787 3573 848 est.
3684 779 3781 849 N
3780 803 3877 850 ec

1037 887 1294 957 omitto
1335 908 1592 977 aprum
1635 909 1680 956 a
1724 885 2185 957 venatoribus
2225 907 2575 976 pressum,
2618 890 2711 958 ad
2754 909 2941 971 eum,
2986 889 3289 962 subsidii
3338 913 3529 986 ergo,
3576 893 3873 978 confil-

1035 1003 1247 1096 gisse,
1293 1011 1365 1072 et
1409 1003 1864 1073 securitatem
1911 1003 2328 1093 percepisse.
2431 1000 2634 1072 Haec
2679 1002 2939 1074 Petrus
2983 1003 3107 1076 lib.
3155 1021 3245 1075 11.
3293 1004 3619 1102 Catalogi
3642 999 3865 1100 ἀφ.

1039 1133 1305 1187 xcux.
1353 1127 1426 1189 et
1466 1129 1636 1187 ante
1681 1138 1845 1186 eum
1889 1114 2317 1188 Vincentius
2362 1115 2887 1188 Bellovacensis
2936 1118 3061 1190 lib.
3098 1137 3349 1190 xx111.
3383 1142 3536 1212 cap.
3574 1141 3671 1193 11.
3720 1142 3865 1194 111.

1037 1249 1144 1301 lv,
1191 1241 1499 1324 utroque
1531 1233 1884 1322 posterior
1916 1229 2274 1303 Trithem.
2323 1231 2447 1303 lib.
2497 1249 2622 1302 111.
2665 1230 2828 1303 Vir.
2876 1233 3102 1306 illust.
3140 1234 3395 1306 Ordin.
3433 1235 3507 1306 S.
3550 1237 3863 1308 Bened.

1033 1368 1186 1437 cap.
1224 1365 1396 1416 Lx1.
1442 1347 1570 1416 ubi
1603 1367 1802 1416 error
1835 1346 1926 1416 ab
1957 1347 2214 1436 operiS,
2259 1355 2333 1418 et
2376 1346 2750 1417 Luttensis
2796 1369 2929 1438 pro
2973 1346 3365 1420 Sutriensis
3410 1354 3861 1424 monasterii

1028 1461 1248 1535 abbas
1282 1461 1567 1532 dicitur.
1653 1459 1946 1532 Scotum
1977 1483 2131 1531 esse
2162 1461 2335 1534 haec
2368 1459 2696 1554 probant,
2731 1469 2807 1533 et
2835 1464 3027 1555 quod
3060 1463 3139 1532 in
3162 1464 3398 1554 patria
3430 1463 3505 1534 S.
3533 1464 3863 1538 Colum-
3988 1545 3998 1548 ,

1031 1578 1198 1650 bani
1233 1577 1626 1668 discipulus
1659 1575 1900 1659 fuerit,
1935 1582 2008 1646 et
2039 1577 2233 1668 quod
2264 1599 2349 1647 eo
2381 1576 2627 1668 patria·
2640 1587 2965 1659 exeunte,
2994 1577 3149 1668 ipse
3172 1576 3541 1650 debilitate
3559 1582 3857 1671 pedum

1031 1695 1112 1765 in
1145 1691 1529 1763 Britannia
1561 1691 1990 1774 substiterit,
2035 1699 2122 1763 ut
2165 1692 2438 1764 laudati
2480 1698 2804 1762 auctores
2850 1700 3257 1764 testantur:
3306 1701 3467 1764 tum
3498 1697 3731 1768 etiam
3766 1697 3857 1766 id

1031 1831 1176 1880 vox
1229 1807 1521 1890 indicat,
1575 1830 1742 1880 eum
1800 1827 1894 1877 ex
1945 1807 2090 1877 illis
2137 1807 2621 1879 sacerdotibus
2670 1809 2937 1878 sanctis
2988 1806 3234 1890 fuisse,
3284 1808 3415 1899 qui
3462 1811 3851 1882 ecclesiam

1031 1923 1386 1995 Scoticam
1443 1923 1768 2014 exemplo
1820 1930 1895 1994 et
1951 1923 2276 1994 doctrina
2318 1922 2735 2005 informant,
2780 1923 3049 2016 quique
3094 1923 3347 1996 Keldei
3394 1947 3524 1998 seu
3570 1925 3843 1998 Culdei

1029 2041 1226 2123 dicti,
1259 2047 1346 2112 ut
1379 2061 1589 2131 saepe
1631 2039 1768 2110 hoc
1814 2059 2025 2130 opere
2055 2059 2076 2122 ;
2129 2039 2346 2110 sicuti
2390 2039 2581 2109 enim
2630 2049 2985 2110 nostrates
3030 2037 3269 2111 Deum
3314 2044 3659 2114 colentem
3702 2065 3845 2134 ap-

1025 2157 1298 2248 pellant
1332 2154 1706 2237 Keldeum,
1756 2155 1861 2225 ita
1895 2151 2150 2224 Graeci
2195 2152 2723 2244 Therapeuten,
2770 2152 3018 2223 Latini
3064 2175 3237 2226 vero
3283 2154 3647 2229 Deicolam
3698 2181 3839 2228 no-

1027 2271 1330 2341 minant.
1419 2268 1510 2339 In
1541 2269 1963 2340 universum
1997 2291 2168 2365 ergo
2202 2290 2447 2339 omnes
2480 2267 2890 2360 primitivae
2922 2277 2997 2338 et
3028 2272 3391 2364 surgentis
3424 2273 3835 2343 adolescen-

1025 2385 1263 2479 tisque
1297 2384 1628 2456 ecclesiae
1658 2385 1850 2475 apud
1884 2382 2134 2454 Scotos
2168 2383 2491 2454 doctores
2524 2391 2905 2474 patresque
2962 2385 3041 2453 in
3089 2385 3371 2475 triplice
3420 2385 3835 2458 differentia

1027 2509 1428 2583 censentur,
1467 2499 1620 2571 sive
1654 2499 1934 2590 triplice
1965 2499 2238 2580 ordine,
2273 2496 2703 2581 Bardorum,
2740 2494 3152 2589 Druydum,
3186 2496 3645 2572 Keldeorum.
3716 2498 3831 2570 Et

1024 2614 1412 2707 Druydum
1468 2615 1819 2708 sanguine
1875 2613 2224 2685 oriundus
2278 2635 2325 2683 a
2378 2610 2841 2683 Warnefrido
2897 2612 3162 2683 dicitur
3211 2611 3285 2684 S.
3338 2613 3829 2686 columbanus

1025 2731 1144 2800 hic
1170 2752 1192 2815 ;
1240 2729 1555 2801 Keldeus
1588 2728 2054 2820 proculdubio
2088 2736 2333 2798 noster
2363 2727 2753 2798 censendus
2786 2724 3126 2799 Deicola:
3176 2729 3400 2801 miror
3431 2751 3615 2822 quae
3646 2729 3825 2800 vici-

1027 2867 1158 2918 nos
1191 2845 1473 2916 insania
1505 2845 1772 2938 tetigit.
1873 2841 2175 2934 Scripsit

1324 2959 1786 3050 Manipulum
1823 2957 2383 3029 Meditationum
2916 2955 3039 3026 lib.
3080 2975 3133 3027 1.

1321 3073 1694 3167 Epistolas
1727 3076 1969 3166 plures
2912 3070 3037 3141 lib.
3077 3089 3129 3142 1.

1123 3190 1408 3263 Claruit
1439 3213 1628 3262 anno
1667 3207 1860 3260 Dxe.
1919 3187 2204 3259 Colitur
2237 3205 2451 3258 xnx.
2478 3183 2528 3254 J
2528 3207 2777 3257 anuar.
2837 3186 3085 3257 Uvion
3112 3184 3236 3258 lib.
3275 3205 3399 3260 111.
3456 3188 3817 3281 Martyro-

1024 3308 1298 3403 logium
1309 3304 1722 3401 Anglicum.
1780 3305 2154 3398 Reliquiae
2173 3303 2267 3374 ad
2282 3303 2357 3374 S.
2373 3300 2648 3385 Crucis,
2673 3300 2922 3374 baculo
2943 3303 3467 3397 peregrinantis
3486 3305 3813 3383 inclusae,

1026 3441 1148 3494 111.
1181 3421 1233 3492 J
1234 3445 1350 3493 an.
1385 3423 1821 3493 colebantur.

2046 3617 2120 3688 S.
2171 3612 2527 3687 DARIA.
2629 3620 2796 3693 387.

1025 3771 1098 3841 S.
1134 3770 1415 3842 Dium
1437 3770 1668 3863 virgo,
1693 3767 1767 3838 S.
1809 3767 2146 3862 Brigidae
2180 3764 2433 3836 Scotae
2465 3765 2803 3866 aequalis,
2829 3774 2925 3850 et,
2948 3775 3036 3837 ut
3059 3766 3412 3848 existimo,
3436 3767 3809 3846 monialis3

1027 3888 1219 3958 illius
1265 3887 1342 3954 in
1375 3883 1551 3956 Vita
1595 3885 1788 3954 enim
1837 3907 1884 3954 a
1927 3883 2267 3976 Cogitoso
2318 3879 2599 3971 Nepote
2648 3891 3108 3964 memoratur,
3160 3893 3243 3951 ut
3294 3881 3515 3954 refert
3564 3880 3809 3952 Surius

1023 4015 1198 4073 tom.
1239 4018 1289 4069 1.
1327 4023 1456 4070 nec
1488 4001 1574 4071 de
1607 4022 1693 4070 ea
1724 3999 2094 4091 quippiam
2129 3996 2437 4086 amplius
2468 3997 2651 4090 lego.

1125 4115 1464 4187 Florebat
1483 4116 1669 4185 circa
1688 4135 1958 4185 annum
1973 4129 2178 4183 Dxx.
2214 4108 2389 4181 Dies
2409 4113 2749 4194 incertus,
2768 4110 2909 4182 nisi
2924 4133 3086 4182 cum
3108 4109 3182 4182 S.
3199 4111 3501 4222 Brigida
3518 4111 3805 4184 colatur.

1972 4340 2046 4444 s.
2099 4339 2612 4412 DONATus.
2714 4345 2883 4412 388.

1025 4577 1098 4648 S.
1153 4575 1554 4647 DONATUS
1603 4574 1998 4665 episcopus,
2057 4573 2293 4644 socius
2352 4573 2426 4642 S.
2482 4571 2815 4643 Cathaldi
2860 4571 3171 4664 episcopi
3222 4569 3627 4654 Tarentini,
3685 4569 3804 4648 vel,

1025 4703 1108 4765 ut
1177 4692 1302 4764 alii
1369 4689 1832 4783 probabilius,
1899 4687 2148 4772 frater,
2235 4710 2399 4759 cum
2478 4709 2563 4758 eo
2646 4686 2888 4759 Scotia
2968 4708 3317 4782 egressus,
3396 4683 3803 4758 Hiberniam
