4384 5817
1333 549 1690 620 GENTIS
1735 547 2303 629 SCOTORUM,
2334 548 2535 621 ·1·.113·.
2557 590 2561 600 ·
2592 551 2647 617 Ι.
3322 552 3411 621 29

1481 860 1556 933 8.
1608 853 2266 933 ADEODATUS.
2372 862 2495 931 34.

581 1100 658 1174 S.
691 1098 1236 1179 ΑΒΕουΑτῦε,
1267 1116 1398 1166 seu
1432 1090 1876 1174 Theotimus,
1909 1097 2040 1162 aut
2071 1088 2527 1175 Theodorus,
2576 1090 2819 1163 Scotia
2861 1112 3189 1187 egressus
3224 1114 3391 1164 cum

583 1216 710 1289 88.
763 1214 1134 1289 Florentio
1179 1219 1258 1283 et
1303 1207 1740 1305 Arbogasto,
1793 1208 2063 1299 diuque
2111 1228 2435 1279 eremum
2488 1206 2813 1290 incoluit,
2862 1214 3022 1279 tum
3054 1208 3391 1303 religioso

585 1336 758 1408 'voto
786 1352 866 1401 se
898 1328 1341 1421 mancipans,
1375 1320 1760 1396 eanonicus
1794 1320 2305 1395 Latet-anemis
2338 1322 2597 1407 factus,
2646 1344 2687 1394 e
2732 1322 3071 1395 coenobio
3114 1332 3392 1395 extrac-

586 1457 706 1519 tus
737 1448 832 1519 nd
863 1444 1196 1518 ecclesiae
1229 1438 1700 1512 Nivernensis
1731 1439 2016 1509 clavum
2051 1438 2260 1510 sedit.
2310 1438 2793 1511 Demochares
2838 1438 2963 1511 lib.
3002 1456 3094 1511 11.
3130 1437 3386 1511 Sacris.

587 1562 857 1634 Missae
887 1581 1044 1652 cap.
1071 1574 1282 1629 xxx·
1351 1554 1530 1629 Vita
1559 1551 1688 1625 88.
1725 1550 2076 1625 ΓΙὸί-ὲιιιὶἰ
2110 1564 2184 1625 et
2216 1552 2637 1651 Arbogasti.
2710 1552 2903 1627 Aeta
2928 1552 3389 1627 ecclesiarum

586 1676 1038 1749 Trevirensis
1091 1683 1166 1745 et
1221 1668 1799 1767 Argentinensis.
1860 1664 2383 1741 Constantinus
2440 1666 2755 1741 Ghinius
2813 1666 3199 1741 Natalibus
3258 1668 3384 1741 88.

587 1792 1136 1866 canonicorum.
1191 1786 1473 1859 Surius.
1522 1784 1648 1857 Ad
1667 1782 2086 1857 usuardum
2107 1785 2446 1858 Molanus
2470 1786 2589 1856 die
2612 1802 2759 1855 vn.
2788 1782 3181 1857 Novembr.
3233 1784 3386 1857 Alii

583 1908 896 1983 natalem
927 1907 996 1979 ei
1029 1910 1363 1977 statuunt
1394 1901 1489 1972 ad
1521 1916 1704 1971 xlx.
1737 1896 1992 1985 Junii;
2045 1900 2170 1971 alii
2204 1900 2439 1973 aliter.
2541 1898 2847 1993 Scripsit

884 2020 1221 2093 Psalterii
1255 2016 1834 2109 Explicationem
2378 2014 2504 2087 lib.
2544 2031 2599 2084 1.

885 2135 998 2208 De
1029 2132 1452 2207 Solitudinis
1483 2128 1738 2203 Laude
2372 2128 2497 2202 lib.
2538 2146 2593 2203 1.

677 2252 966 2325 claruit
993 2272 1186 2323 anno
1219 2262 1648 2321 nccnxxx.

1617 2480 1693 2554 8.
1744 2479 2138 2555 ADILIA.
2241 2484 2363 2555 35.

583 2718 662 2791 8.
706 2716 1048 2800 Anum,
1099 2715 1308 2811 virgo
1353 2714 1934 2798 sanctimonialis,
1982 2723 2156 2787 nata
2200 2712 2280 2785 in
2324 2710 2583 2809 Belgio
2629 2712 2842 2808 Orpii
2890 2714 3193 2789 dioecesi
3239 2714 3385 2790 Na·

586 2834 966 2917 mut-censi,
999 2854 1148 2905 non
1177 2830 1428 2923 procul
1461 2852 1508 2902 a
1538 2828 1816 2902 Thenis
1849 2838 1925 2902 et
1973 2827 2349 2912 Geldonia,
2397 2830 2750 2925 singulari
2792 2830 3085 2923 pietatis
3128 2828 3391 2905 affectu

588 2952 784 3024 viros
816 2948 1322 3044 eoehsiastioos
1366 2946 1456 3019 de
1503 2944 1746 3019 Scotia
1787 2944 2156 3018 venientes
2204 2945 2505 3037 excepit,
2557 2942 2631 3016 S.
2682 2945 3005 3019 Mat-tino
3036 2948 3388 3040 templum

587 3064 990 3147 exstruxit3
1042 3061 1162 3134 hie
1191 3084 1366 3134 vero
1395 3062 1555 3157 ejus
1589 3061 2026 3133 mentionem
2057 3059 2520 3144 celebramus,
2554 3082 2701 3134 non
2728 3072 2815 3135 ut
2848 3060 3123 3149 Sootae,
3152 3064 3279 3136 sed
3300 3076 3387 3135 ut

591 3178 968 3253 Scotorum
997 3177 1340 3270 hospitae.
1425 3175 1670 3249 Durat
1701 3175 1916 3247 hodie
1949 3172 2112 3247 fons
2145 3174 2520 3249 mirabilis.
2606 3174 2891 3249 Colitur
2922 3194 3131 3251 xxx.
3156 3176 3208 3249 J
3208 3178 3387 3250 unii.

589 3292 948 3369 visitatae
994 3292 1338 3385 reliquiae
1389 3309 1478 3363 11.
1530 3290 1904 3363 Decembr.
1957 3310 2150 3363 anno
2200 3307 2419 3364 necl-
2472 3289 2812 3365 Molanus
2870 3290 3199 3365 Indiculo
3244 3290 3381 3365 SS.

595 3408 832 3505 Belgii
864 3430 1035 3504 pag.
1069 3424 1218 3479 vn.

689 3524 977 3597 claruit
1003 3544 1198 3597 anno
1228 3538 1429 3595 nn..
1461 3530 1540 3595 et
1567 3518 1744 3597 haee
1773 3530 1887 3595 est
1927 3520 2146 3597 tertia
2189 3520 2567 3599 Scotorum
2612 3524 2691 3595 in
2734 3532 3015 3596 exteras
3059 3524 3384 3619 regiones

597 3660 868 3713 miseno.
1503 3652 1510 3657 ·

1543 3872 1620 3943 8.
1670 3868 2144 3945 ALBUINU
2143 3872 2220 3943 S.
2321 3869 2441 3945 36.

596 4104 672 4179 8.
705 4103 1145 4178 Animum
1177 4102 1457 4187 Scotus,
1491 4102 1710 4176 abbas
1743 4104 2156 4175 monasterii
2194 4102 2347 4190 Hu,
2394 4106 2512 4176 vel
2560 4104 2715 4190 Hii,
2760 4107 2956 4201 quod
2988 4116 3204 4200 caput
3236 4128 3388 4181 om-

595 4222 802 4293 nium
831 4219 1338 4291 ooenobiorum
1385 4218 1852 4303 Seoticorum,
1896 4218 2398 4314 Anglicorum,
2434 4219 2993 4295 Hibernieorum
3024 4224 3219 4317 apud
3252 4220 3390 4295 Be-

599 4336 766 4409 dam
791 4333 994 4407 audit
1030 4334 1154 4404 lib.
1183 4352 1307 4406 111.
1335 4356 1488 4427 cap.
1516 4351 1696 4405 ΠΙ.
1771 4331 2128 4406 Henrieus
2163 4334 2819 4409 Huntindoniensis
2841 4337 2967 4411 lib.
2996 4355 3120 4411 111.
3178 4334 3389 4411 Vixit

595 4473 682 4523 ea
731 4457 967 4522 aetate
1014 4469 1162 4540 qua
1201 4449 1526 4522 lubentes
1571 4451 2033 4543 volentesque
2071 4448 2263 4521 cives
2303 4450 2535 4523 nostri
2578 4451 2658 4523 in
2700 4450 3182 4525 Ethnioorum
3226 4474 3390 4527 eon·

596 4566 1000 4637 versionem
1049 4565 1576 4649 incumbebant,
1624 4566 1788 4638 ideo
1829 4565 1984 4658 ipse
2028 4566 2092 4637 ei
2139 4567 2339 4658 operi
2383 4588 2461 4639 se
2506 4568 2904 4664 accingens,
2948 4548 3390 4667 Thu-fingio-

593 4704 760 4753 rum
810 4681 1176 4773 apostolus
1224 4682 1450 4767 audit,
1499 4680 1746 4754 Uvion
1793 4681 1919 4754 lib.
1967 4696 2054 4753 11.
2105 4702 2262 4775 cap.
2298 4698 2510 4760 nn.
2542 4683 2961 4779 primusque
2992 4682 3381 4759 Frishriae

595 4797 992 4891 episeopus.
1093 4792 1397 4891 Scripsit
