4384 5817
1289 561 1646 634 GENTIS
1691 563 2251 649 scoToRmaen
2299 565 2479 635 LIB.
2528 566 2623 634 IL
3238 569 3361 632 101

646 751 852 826 Obiit
881 751 965 824 in.
985 749 1272 848 ‘Anglia
1301 773 1496 826 anno
1527 769 2093 828 Mcochxxu.
2175 755 2679 831 'continuator
2710 755 3058 830 Forduni.
3094 762 3103 770 “

1049 978 1642 1056 GREGORIUS
1691 981 2563 1062 BRIDLINGTONUS.
2669 992 2764 1067 17
2764 993 2836 1068 9.

541 1212 1026 1286 Gnssoomus
1086 1212 1638 1312 Bridlingtonus
1693 1214 1788 1289 ab
1842 1217 2108 1310 oppido
2169 1215 2249 1288 N
2248 1217 2757 1300 orthumbriae,
2814 1217 2943 1292 ubi
3000 1219 3343 1290 educatus

536 1327 702 1412 fuit,
785 1349 1048 1402 nomen
1113 1330 1406 1424 aceepit,
1480 1351 1568 1402 eo
1631 1331 1902 1404 scilicet
1969 1340 2313 1424 tempore,
2378 1353 2526 1425 quo
2591 1331 2669 1402 N
2668 1331 3119 1406 orthumbria
3182 1331 3340 1427 regi

539 1443 818 1516 Scotiae
897 1444 1220 1538 parebat,
1305 1445 1385 1516 in
1465 1444 1804 1532 coenobio
1887 1443 2229 1518 Glenluce
2302 1447 2734 1520 monachum
2800 1446 3343 1520 cisterciensem

541 1557 798 1643 induit,
857 1568 933 1633 et
987 1560 1304 1632 maxima
1358 1560 1764 1632 sanctitatis
1814 1567 1890 1633 et
1939 1561 2364 1634 eruditionis
2412 1560 2607 1634 fama
2656 1559 2947 1635 floruit:
2996 1561 3122 1633 sed
3168 1562 3344 1654 quia

541 1675 728 1860 ἔξω
777 1685 889 1748 est
935 1675 1018 1748 in
1065 1674 1142 1747 N
1141 1674 1616 1760 orthumbria,
1663 1673 1848 1748 falso
1895 1675 2104 1749 illum
2151 1677 2386 1750 civem
2434 1699 2650 1750 suum
2708 1676 2936 1774 Angli
2992 1675 3337 1748 fecerunt.

672 1789 842 1882 'psit

833 1907 1068 2002 Super
1097 1908 1398 1983 Cantica
2412 1907 2539 1982 lib.
2576 1925 2631 1978 1.

834 2021 1070 2116 Super
1100 2025 1342 2097 varios
1373 2047 1617 2098 sacrae
1651 2023 2066 2119 scripturae
2100 2024 2383 2098 Textus
2416 2023 2543 2096 lib.
2581 2041 2789 2096 xxx.
2832 2081 2841 2088 .

833 2138 1236 2210 Sermones
1359 2168 1370 2178 ·
2411 2139 2537 2210 lib.
2576 2157 2630 2210 1.

831 2251 950 2324 De
975 2251 1164 2326 Arte
1195 2253 1514 2328 Musices
2408 2251 2535 2326 lib.
2572 2271 2695 2326 111.

831 2367 1542 2461 Lecturaspublicas
2405 2367 2533 2442 lib.
2571 2387 2626 2439 1.

633 2481 924 2555 Floruit
968 2505 1162 2558 anno
1213 2501 1600 2564 uccxvn,
1655 2485 1876 2558 Hunc
1925 2485 2148 2580 aliqui
2197 2483 2385 2557 falso
2434 2483 2509 2556 S.
2562 2483 2964 2580 Augustini
3014 2483 3336 2578 regulam

540 2599 946 2692 amplexum
975 2599 1321 2685 scribunt,
1355 2621 1522 2674 cum
1553 2601 1778 2674 fuerit
1815 2601 2229 2676 carmelita.

1377 2827 2217 2903 BERENGUIDDUS.
2321 2832 2487 2902 180.

542 3061 1214 3136 ΒΕΒΕΝΟὈῙΒΒῊΒ
1245 3059 1525 3145 Scotus,
1559 3070 1635 3134 et
1666 3059 2044 3156 theologus
2087 3061 2569 3154 acutissimae,
2616 3061 2833 3133 etiam
2868 3057 3335 3132 Sorbonensis

539 3177 900 3252 facultatis
943 3179 1202 3264 socius,
1241 3186 1316 3250 et
1348 3177 1658 3250 eximius
1691 3175 2169 3263 concionator,
2214 3186 2301 3251 ut
2333 3197 2427 3249 ex
2454 3175 2708 3250 Jaoob1
2706 3175 3007 3338 Langii
3039 3173 3335 3268 epistola

541 3293 848 3385 quadam
878 3302 1104 3387 patet,
1137 3293 1488 3387 scripsit

834 3407 926 3482 In
958 3407 1452 3503 Apocalypsin
1501 3408 1631 3480 lib.
1671 3425 1724 3479 1.
1771 3427 1986 3502 quem
2022 3406 2233 3481 vidi
2208 3431 2290 3482 ιιι
2320 3406 2651 3506 Anglia
2626 3429 2708 3480 ιιι
2739 3403 3057 3500 collegio
3090 3399 3165 3474 S.
3200 3401 3349 3474 Be-

927 3525 1196 3597 nedicti
1230 3521 1762 3619 Cantabrigiae.

631 3638 947 3715 Vivebat
979 3660 1169 3712 anno
1204 3654 1713 3712 mccccxnvn

1471 3867 2122 3942 BERNARDUS.
2225 3871 2392 3939 181.

539 4099 1075 4187 ΒΕΒΝΑΒΒΠΒ,
1175 4109 1649 4198 cognomento
1743 4099 2066 4195 Sapiens,
2164 4097 2465 4172 concilio
2555 4095 3113 4169 claromontano
3201 4095 3337 4168 sub

536 4215 830 4290 Urbano
881 4216 984 4290 11.
1035 4215 1390 4298 interfuit,
1442 4223 1518 4286 et
1564 4215 1660 4292 ab
1707 4217 1950 4288 eodem
2011 4213 2346 4309 pontifice
2404 4213 2485 4284 in
2540 4209 2854 4282 Scotiam
2912 4229 3075 4280 cum
3134 4230 3341 4280 man-

534 4331 720 4404 datis
783 4335 1070 4417 missus,
1145 4342 1398 4406 auctor
1473 4330 1620 4404 fuit
1683 4332 1934 4404 multis
2002 4327 2495 4421 optimatibus,
2564 4331 2651 4398 ut
2716 4345 2919 4396 arma
2982 4345 3117 4417 pro
3180 4335 3337 4396 tam

529 4457 777 4520 sancta
832 4469 1050 4520 causa
1105 4448 1510 4531 induerent,
1569 4447 2147 4540 conscriptosque
2201 4443 2497 4514 milites
2525 4448 2813 4512 secutus
2879 4438 3067 4510 bello
3131 4459 3335 4510 sacro

531 4561 883 4647 interfuit,
951 4571 1025 4636 et
1093 4560 1477 4635 Arthesiae
1542 4561 1917 4655 episeopus
1981 4559 2261 4652 primus
2326 4557 2417 4628 de
2482 4552 2771 4629 Latinis
2852 4563 2963 4626 est
3026 4564 3335 4626 creatus.

531 4675 824 4750 Gauter.
885 4676 1275 4751 cancellar.
1329 4674 1512 4747 Bell.
1564 4675 1997 4749 Antiochen.
2046 4694 2216 4770 pag.
2268 4687 2711 4744 ccccxmx.
2832 4666 3333 4760 Archiepisco-

529 4815 662 4885 pus
721 4789 1138 4868 Edessanus
1196 4801 1499 4879 meatus,
1561 4793 1839 4886 primus
1896 4789 2475 4864 Christianorum
2534 4786 2773 4859 sedem
2838 4784 3037 4856 illam
3095 4803 3333 4875 posse-
