4384 5817
1073 517 1203 580 154
1837 517 2309 588 HISTORIA
2355 515 3109 586 ECCLESIASTICA

1079 704 1277 777 Hinc
1325 707 1686 778 Osualdus
1739 729 1866 777 rex
1915 728 2045 799 per
2093 707 2367 800 legatos
2417 729 2462 777 a
2509 704 2930 776 Donevaldo
2992 705 3371 778 Scotorum
3432 730 3601 804 rege
3660 711 3869 801 petiit

1077 832 1163 893 ut
1198 823 1427 893 labem
1464 822 1915 915 gentilitatis,
1959 843 2178 914 quam
2214 822 2638 892 invexerant
2670 819 2961 892 Ofricus
2994 831 3069 893 et
3092 820 3463 894 Eufredus
3496 847 3723 920 reges,
3749 826 3869 917 pia

1075 937 1600 1028 praedicatione
1637 947 2060 1032 extergeret.
2165 937 2309 1008 Sed
2363 946 2409 978 “
2440 957 2605 1006 cum
2638 933 3042 1010 Cormanus
3075 938 3307 1008 bonus
3340 939 3458 1009 vir
3486 949 3697 1022 esset,
3748 943 3867 1012 sed

1079 1052 1425 1144 asperiori
1451 1053 1745 1148 ingenio
1766 1054 2199 1144 praeditus,''
2222 1061 2315 1130 ut
2332 1073 2422 1122 ex
2450 1051 2651 1121 Beda
2672 1051 2996 1143 loquitur
3019 1050 3443 1126 Franciscus
3468 1051 3865 1128 Godwinus

1077 1170 1162 1239 de
1201 1168 1520 1238 Praesul.
1556 1167 1941 1263 Anglican.
1978 1191 2050 1259 p.
2090 1186 2176 1240 11.
2213 1191 2379 1264 pag.
2408 1183 2577 1238 xcl.
2606 1167 2759 1238 sive
2786 1175 2831 1208 “
2852 1168 3045 1257 quod
3072 1189 3328 1238 arcana
3360 1166 3502 1238 Dei
3536 1169 3867 1242 sublimia

1075 1307 1339 1378 magno
1373 1285 1756 1354 verborum
1791 1285 2120 1374 strepitu,
2154 1283 2248 1354 ad
2280 1282 2831 1356 ostentationem
2860 1281 3107 1374 'potius
3154 1283 3427 1378 ingenii
3476 1306 3699 1375 quam
3750 1307 3867 1358 au-

1075 1400 1394 1470 ditorum
1426 1399 1718 1469 rudium
1750 1398 2140 1471 utilitatem
2173 1399 2553 1494 ingereret,
2584 1407 2671 1468 ut
2704 1420 2833 1470 nec
2868 1397 3091 1470 bonos
3130 1421 3367 1470 mores
3412 1400 3865 1474 concionibus

1073 1515 1224 1586 suis
1259 1514 1647 1597 induceret,
1675 1535 1804 1584 nec
1837 1514 1930 1584 ad
1953 1514 2404 1607 suscipienda
2426 1511 2603 1584 fidei·
2616 1513 2829 1584 initia
2850 1514 3127 1586 animos
3151 1515 3641 1587 blandioribus
3666 1537 3864 1608 prae-

1074 1630 1298 1722 ceptis
1321 1629 1691 1711 molliret,”
1723 1629 1802 1700 in
1821 1631 2130 1720 patriam
2157 1651 2237 1700 re
2256 1628 2521 1699 infecta
2551 1629 2788 1711 rediit,
2814 1629 2927 1699 cui
2956 1651 3315 1701 successor
3341 1629 3675 1702 Aidanus
3698 1632 3866 1703 mis·

960 1726 968 1733 ’
1073 1767 1197 1816 sus
1232 1752 1458 1816 totam
1494 1745 1859 1837 regionem
1893 1745 1984 1814 ad
2019 1742 2393 1815 Christum
2426 1744 2803 1828 convertit,
2836 1753 2921 1814 ut
2970 1745 3094 1816 lib.
3124 1763 3178 1816 1.
3230 1767 3451 1838 supra
3482 1744 3617 1816 hoc
3650 1769 3863 1839 opere

1073 1861 1305 1943 docui,
1365 1868 1438 1928 et
1495 1861 1952 1930 consentiunt
2011 1861 2377 1931 annalium
2436 1863 2866 1933 nostratium
2930 1864 3335 1954 scriptoreS,
3398 1885 3529 1934 nec
3598 1865 3867 1936 dissen-

1073 1977 1268 2046 tiunt
1301 1973 1620 2070 Anglici.
1677 1974 2015 2068 Polydor.
2051 1972 2408 2070 Virgilius
2442 1975 2567 2048 lib.
2595 1994 2705 2046 lv·
2742 1999 2907 2072 pag.
2948 1995 3249 2048 Lxxxl.
3274 1979 3400 2070 qui
3436 1978 3525 2048 de
3556 1977 3866 2063 Aidano,

1071 2100 1145 2162 et
1179 2091 1498 2162 Osualdo
1530 2113 1699 2186 rege
1732 2113 1862 2183 per
1911 2113 2100 2174 eum,
2151 2092 2327 2161 dum
2374 2091 2449 2161 in
2500 2091 2741 2163 Scotia
2789 2095 3135 2176 exularet,
3190 2091 3606 2164 Christiano
3654 2092 3867 2177 facto,

1070 2209 1158 2278 de
1192 2208 1553 2280 Cormano
1585 2207 1790 2289 nihil,
1824 2207 1937 2277 uti
1981 2229 2112 2278 nec
2144 2206 2561 2278 Matthaeus
2612 2206 3403 2280 westmonasteriensis
3453 2209 3547 2280 ad
3597 2231 3867 2280 aunum

1071 2340 1450 2394 Dcxxxxr.
1505 2332 1550 2364 “
1594 2321 1956 2393 Osualdus
2008 2343 2311 2416 regnum
2362 2321 2440 2394 N
2440 2323 3173 2395 orthanhumbrorum
3222 2325 3588 2419 integrum
3645 2326 3869 2398 susci·

1070 2441 1296 2530 piens,
1331 2447 1418 2510 ut
1451 2437 1662 2508 fidem
1699 2447 1995 2533 augeret
2027 2440 2104 2510 in
2139 2460 2362 2534 regno
2395 2461 2547 2523 suo,
2599 2439 2801 2511 misit
2848 2440 2927 2510 in
2978 2439 3291 2512 Scotiam
3342 2439 3472 2511 ubi
3520 2443 3868 2525 exularet,

1071 2564 1145 2626 et
1180 2549 1448 2646 accepit
1481 2552 1890 2644 pontificem
1913 2552 2284 2624 Aidanum
2316 2575 2621 2648 magnae
2655 2555 3023 2650 religionis
3057 2556 3343 2627 virum:
3396 2557 3717 2628 venienti
3738 2559 3869 2654 igi·

1074 2680 1198 2740 tur
1255 2670 1584 2761 episcopo
1641 2690 1770 2772 rex
1823 2667 2186 2740 Osualdus
2240 2669 2480 2740 sedem
2532 2671 3003 2762 episcopalem
3053 2673 3132 2742 in
3180 2673 3419 2743 insula
3466 2671 3865 2746 Lindisfar-

1073 2788 1279 2858 nensi
1335 2785 1734 2857 concessit:
1785 2785 1912 2855 ubi
1955 2785 2184 2878 igitur
2214 2783 2389 2856 fides
2438 2787 2671 2878 coepit
2720 2787 3030 2871 dilatari,
3081 2786 3385 2882 contigit
3433 2797 3521 2860 ut
3566 2811 3869 2884 evange-

1071 2903 1264 2972 lizan
1272 2911 1340 2972 te
1372 2899 1683 2985 Aidano,
1717 2901 1847 2993 qui
1879 2899 2272 2995 Anglicum
2304 2901 2615 2992 perfecte
2646 2923 2794 2974 non
2824 2915 3147 2985 noverat,
3180 2903 3335 2993 ipse
3364 2924 3497 2974 rex
3544 2903 3696 2974 suis
3740 2903 3865 2975 du-

1071 3019 1272 3090 cibus
1305 3027 1380 3088 et
1421 3018 1774 3090 ministris
1821 3018 2175 3109 interpres
2226 3017 2586 3101 existeret,
2637 3019 2853 3112 longo
2900 3017 3093 3088 enim
3142 3019 3339 3090 exilii
3390 3019 3505 3089 sui
3550 3027 3867 3112 tempore

1071 3136 1390 3230 linguam
1430 3131 1806 3204 Scotorum
1839 3135 2046 3224 plene
2077 3133 2442 3205 didicerat.
2495 3131 2673 3205 Inde
2707 3133 3032 3228 contigit.
3082 3142 3169 3204 ut
3216 3132 3389 3204 fides
3438 3135 3616 3205 adeo
3664 3134 3863 3206 brevi

1071 3259 1435 3331 cresceret,
1470 3249 1665 3321 utin
1699 3249 1988 3343 regione
2021 3247 2146 3319 illa
2176 3248 2587 3320 incredulus
2636 3250 2879 3320 nullus
2928 3249 3439 3320 inveniretur.”
3538 3247 3645 3321 Ut
3692 3250 3865 3322 haec

1067 3366 1380 3458 perfecta
1411 3387 1541 3457 per
1572 3363 1647 3434 S.
1682 3363 2074 3446 Aidanum,
2108 3363 2214 3434 ita
2246 3365 2574 3456 incoepta
2605 3387 2733 3456 per
2755 3363 3217 3447 commum,
3244 3387 3459 3456 quem
3486 3367 3864 3458 scriptores
4006 3415 4019 3432 .

973 3524 981 3532 -
1065 3481 1380 3576 Anglici,
1417 3482 1610 3573 quod
1641 3481 1882 3563 sciam,
1917 3499 2062 3550 non
2095 3478 2493 3550 nominant.
2546 3477 2866 3551 Florent.
2918 3477 3375 3575 Vigorniens.
3422 3482 3513 3552 ad
3562 3482 3867 3554 eundem

1065 3617 1380 3669 annum:
1433 3605 1478 3642 ‘⁶
1509 3596 1675 3668 Rex
1707 3594 2069 3668 Osualdus
2101 3594 2304 3665 misit
2336 3595 2429 3665 ad
2468 3595 2777 3690 majores
2810 3593 3187 3667 Scotorum
3233 3604 3435 3680 natu,
3484 3605 3735 3688 petens
3784 3607 3868 3670 ut

1067 3714 1206 3785 sibi
1239 3713 1648 3785 mitteretur
1679 3712 2001 3795 antistes,
2035 3711 2152 3781 cui
2184 3709 2513 3802 pontifex
2542 3711 2804 3780 missus
2838 3719 2949 3782 est
2982 3709 3335 3796 Aidanus,
3370 3735 3499 3804 per
3529 3733 3767 3804 quem,
3794 3721 3867 3784 et

1065 3851 1197 3921 per
1229 3831 1467 3921 ipsum
1503 3829 1978 3900 clarissimum
2011 3835 2086 3899 et
2122 3826 2653 3898 sanctissimum
2686 3847 2927 3921 regem
2962 3824 3387 3912 Osualdum,
3446 3829 3525 3900 in
3574 3829 3864 3920 provin·

1067 3945 1179 4015 cia
1235 3943 1732 4017 Berniciorum
1789 3945 2108 4035 primum
2163 3941 2515 4014 fundatur
2570 3943 2859 4014 ecclesia
2916 3940 3213 4027 Christi,
3269 3953 3345 4016 et
3392 3945 3867 4016 instituitur.”

1071 4061 1466 4152 Scripserat
1500 4059 1900 4130 Cormanus

1367 4173 1819 4247 Documenta
1855 4172 2062 4244 Fidei
2094 4173 2188 4244 ad
2219 4169 2899 4246 Northanhumbros
3050 4174 3175 4246 lib.
3214 4193 3267 4244 1.

1364 4289 1758 4361 Conciones
3053 4289 3177 4360 lib.
3217 4306 3272 4359 1.

1366 4403 1940 4475 Commentarios
1973 4403 2052 4474 in
2085 4401 2490 4496 Scripturas
3052 4405 3175 4476 lib.
3215 4423 3267 4475 1.

1364 4518 1554 4592 Acta
1583 4519 2003 4615 Legationis
3044 4519 3169 4592 lib.
3212 4539 3265 4590 1.

1167 4637 1454 4710 Floruit
1486 4657 1678 4708 anno
1711 4652 2032 4708 Dcxxx.
2135 4633 2421 4707 Colitur
2458 4655 2607 4707 x11.
2643 4634 2921 4707 Martii.
