4384 5817
1484 797 1649 883 AD
1706 794 2366 883 LECTOREM

800 1026 1197 1143 LUD.
1240 1022 2628 1141 BONCOMPAGNUS
2689 1020 2848 1136 V.
2913 1020 3064 1133 A.

539 1339 780 1433 Qum
819 1336 1189 1423 Thomas
1228 1337 1801 1449 Dempsterus,
1839 1363 2033 1419 cum
2080 1333 2266 1418 aliis
2315 1331 2612 1417 multis
2663 1331 3154 1419 excellentis
3191 1332 3318 1416 in-

536 1467 763 1579 genii
792 1468 1387 1567 monumentis,
1416 1478 1605 1551 tum
1640 1466 1802 1551 isto
1831 1466 1939 1549 de
1967 1463 2526 1575 scriptoribus
2565 1463 2832 1547 Sectis
2869 1459 3318 1561 volumine,

538 1596 771 1711 quod
806 1597 997 1681 vivo
1034 1607 1375 1683 auctore
1410 1608 1807 1709 coeptum
1834 1594 1995 1695 edi,
2034 1622 2271 1678 nunc
2295 1594 2406 1675 ad
2431 1591 2930 1679 umbilicum
2967 1590 3322 1705 perduc-

543 1736 729 1811 tum
798 1726 955 1810 tibi
1030 1725 1349 1827 damuS,
1414 1725 1681 1813 amice
1744 1722 2031 1823 lector,
2090 1733 2602 1834 postumum,
2667 1724 2778 1807 de
2815 1721 3116 1835 -patria
3179 1720 3324 1804 de-

540 1883 709 1969 que
747 1853 1017 1943 literis
1051 1856 1371 1967 optime
1420 1855 1531 1939 sit
1579 1854 1953 1955 merituS,
2015 1852 2464 1952 neminem,
2514 1851 2678 1935 nisi
2729 1854 2836 1935 ab
2883 1850 3114 1935 omni
3165 1850 3326 1934 hu-

538 1984 949 2069 manitate
984 1983 1383 2097 alienum,
1437 1983 2031 2069 dubitaturum
2084 1992 2321 2093 puto.
2435 1980 3016 2065 Nihilominus
3066 1984 3324 2091 prout

542 2125 673 2201 est
708 2122 1095 2198 nostrum
1132 2109 1513 2199 seculum
1560 2112 1795 2198 ferax
1850 2111 2296 2197 hominum
2351 2108 2774 2223 petulanti
2833 2121 2922 2194 et
2967 2108 3326 2194 indomi-

544 2254 653 2341 ta,
690 2241 939 2355 quod·
960 2242 1053 2327 in
1089 2240 1275 2327 aliis
1311 2241 1831 2355 praeclarum
1868 2242 2103 2327 taciti
2142 2269 2352 2353 cogu
2360 2253 2564 2324 ntur
2602 2239 3016 2340 admirari,
3055 2241 3146 2323 in
3201 2266 3324 2323 se-

541 2384 719 2457 met
758 2372 1209 2457 desiderari
1248 2382 1737 2481 agnoscunt,
1784 2370 2248 2455 insectandi
2302 2367 2658 2454 libidine
2713 2368 3324 2466 ferocientium,

548 2500 789 2585 valde
826 2501 1201 2613 suspicor
1227 2501 1407 2585 fore
1432 2498 1905 2599 malevoloS,
1928 2500 2079 2613 qui
2108 2500 2376 2612 aegris
2405 2498 2670 2585 oculis
2697 2500 3022 2583 Scotiae
3049 2497 3326 2611 splen-a

548 2630 837 2716 dorem
904 2630 1357 2730 intuentes,
1424 2629 2047 2741 secundamque
2112 2630 2599 2740 Dempsteri
2665 2628 2975 2711 famam
3041 2629 3326 2711 minus

546 2758 913 2871 propitia
940 2786 1144 2845 aure
1172 2760 1707 2870 excipienteS,
1737 2758 2096 2843 inficetis
2126 2758 2879 2843 obtrectationibus
2909 2756 3152 2840 illum
3185 2760 3328 2842 ob-
3442 2740 3452 2751 ’

550 2916 903 2989 scurare,
969 2886 1191 2973 hanc
1253 2890 1639 2973 mendaci
1697 2887 2310 2975 calumniarum
2373 2898 2462 2973 et
2529 2914 2880 2971 coenosa
2944 2887 3328 2998 congerie

550 3018 1119 3102 contaminare
1184 3035 1619 3103 conentur.
1758 3019 2039 3110 Quare
2106 3018 2559 3101 effrenatae
2614 3016 3133 3129 improbitati
3197 3044 3330 3100 oc-

550 3174 881 3230 currere
938 3146 1285 3231 omnino
1332 3148 1889 3233 necessarium
1944 3147 2135 3247 fuit,
2192 3158 2296 3230 ut
2343 3144 2586 3233 malis
2633 3175 2724 3231 os
2769 3148 3328 3244 obturaretur‚

550 3276 945 3385 bonique,
998 3277 1105 3365 de
1156 3276 1595 3364 fraudibus
1646 3289 1735 3363 et
1799 3276 2125 3361 offuciis
2190 3287 2391 3361 ante
2454 3276 2782 3375 moniti,
2850 3274 3185 3359 veritati
3245 3287 3333 3359 et

552 3402 849 3488 virtuti
908 3405 1493 3491 testimonium
1550 3418 1641 3491 et
1701 3405 2202 3518 applausum
2251 3433 2426 3489 non
2477 3406 3013 3515 denegarent.
3130 3403 3334 3488 Fuit

554 3532 1108 3645 Dempsterus
1148 3534 1317 3621 acri
1354 3535 1481 3619 vir
1518 3536 1885 3647 ingenio,
1924 3534 2446 3619 inflammato
2483 3535 2596 3618 ad
2632 3561 2920 3618 omnes
2970 3531 3334 3643 discipli-

556 3688 705 3745 nas
752 3662 1341 3775 perdiscendas
1388 3666 1696 3765 studio,
1756 3663 1980 3749 facili
2038 3676 2129 3748 et
2179 3692 2418 3749 cerea
2468 3663 2578 3748 ad
2625 3662 3336 3776 comprehenden-

559 3790 789 3890 dum,
848 3792 1295 3903 tenacique
1342 3806 1435 3879 et
1478 3792 1711 3879 fideli
1762 3794 1873 3877 ad
1926 3794 2469 3879 retinendum
2519 3791 2928 3905 quicquid
2976 3789 3332 3903 legisset,

556 3920 979 4007 memoria.
1094 3920 1316 4007 Cum
1354 3950 1551 4008 vero
1586 3920 2034 4035 publicatis
2071 3922 2163 4005 in
2222 3920 2456 4005 omni
2507 3917 2870 4032 eleganti
2920 3934 3010 4004 et
3063 3947 3337 4005 amoe-

560 4076 669 4133 na
707 4046 1149 4135 literatura
1191 4050 1760 4163 compluribus
1796 4049 2031 4137 libris
2068 4052 2405 4135 abunde
2443 4048 2764 4134 nomini
2805 4077 2958 4133 suo
2995 4048 3338 4136 celebri-a

558 4176 757 4263 tatis
822 4177 1301 4266 conciliasse
1364 4180 1591 4265 visus
1655 4192 1893 4281 esset,
1962 4182 2398 4265 Scotorum
2471 4191 2756 4264 autem
2829 4179 2922 4261 in
3001 4178 3339 4262 fortitu-

558 4304 758 4390 dine
824 4304 1145 4415 bellica‚
1210 4308 1301 4395 in
1362 4306 1651 4409 literis,
1709 4310 1799 4394 in
1861 4338 2075 4423 pura
2131 4306 2616 4395 Catholicae
2671 4306 3096 4419 religionis
3151 4336 3341 4421 pro-

558 4434 923 4524 sessione
1000 4437 1593 4550 antiquitatem
1669 4452 1759 4525 et
1832 4439 2390 4525 constantiam
2466 4465 2639 4522 non
2713 4438 2914 4521 satis
2967 4434 3142 4549 'pro
3187 4432 3344 4521 ‘re-

562 4591 757 4649 rum
815 4566 1405 4675 magnitudine
1470 4580 1733 4669 notas,
1798 4568 1971 4652 sive
2036 4581 2514 4680 temporum
2574 4567 2905 4681 injuria,
2966 4566 3138 4651 sive
3195 4594 3342 4679 po-

560 4690 991 4805 pularium
1058 4694 1403 4799 incuria,
1468 4693 1635 4780 alio
1704 4697 2295 4783 meditationes
2360 4696 3015 4797 deflectentium,
3063 4700 3342 4810 jacere

566 4823 1293 4926 animadverteret,
1387 4826 1824 4939 ingemuit,
1908 4838 1998 4911 et
2080 4827 2457 4911 animum
2539 4828 2650 4911 ad
2733 4827 3058 4911 Scotiae
3143 4856 3342 4911 suae

566 4952 861 5041 laudes
934 4952 1479 5041 illustrandas
1558 4954 2129 5067 pulcherrimo
2203 4956 2570 5043 facinore
2643 4953 2995 5069 appulit.
3121 4954 3348 5039 Pub-

570 5080 731 5169 lica
823 5082 1111 5193 itaque
1196 5083 1386 5171 luce
1468 5083 1815 5170 donavit
1898 5082 2315 5197 syllabum
2396 5084 2800 5171 librorum
2895 5080 3222 5195 aliquot
3296 5112 3345 5165 a
