4384 5817
1304 541 1660 612 GENTIS
1707 539 2271 622 ScoTORUM‚
2316 541 2501 612 LIB.
2544 540 2666 610 lv.
3268 543 3401 612 &7

580 757 804 830 supra
832 736 1037 808 illam
1069 741 1400 806 aetatem.
1505 731 1656 804 Ter
1687 733 2090 807 academiae
2121 734 2445 831 ejusdem
2476 742 2737 820 rector,
2785 731 2915 828 qui
2947 734 3181 808 honor
3212 748 3417 806 non-·

579 854 755 926 dum
829 853 1064 925 adhuc
1135 851 1612 944 promiscuae,
1696 857 1770 921 et
1845 850 2104 942 cuique
2170 851 2567 942 exposituS,
2638 873 2913 946 magna
2979 851 3393 924 animorum

579 971 1034 1044 contentione
1096 965 1568 1039 fluctuantem
1651 966 2161 1061 magistratum
2244 967 2541 1061 recepit,
2606 975 2683 1040 et
2748 968 3143 1059 prudenter
3209 968 3389 1039 adeo

577 1085 1136 1168 administravit,
1208 1091 1294 1155 ut
1354 1083 1669 1153 seniores
1730 1081 1908 1153 fassi
1967 1083 2118 1155 sint
2181 1083 2387 1170 mihi,
2449 1095 2524 1156 et
2588 1093 2749 1156 acta
2815 1085 3221 1158 academica
3286 1092 3391 1154 te-

576 1210 888 1286 stantur,
919 1222 1298 1293 nunquam
1337 1199 1620 1270 meliori
1667 1207 1866 1272 statu
1908 1219 2024 1272 res
2067 1200 2232 1272 illas
2277 1199 2527 1274 fuisse.
2629 1199 3005 1274 Emeritos
3046 1201 3217 1274 inde
3247 1197 3389 1272 Ve-

572 1319 803 1392 netias
887 1341 934 1388 a
1014 1315 1471 1388 serenissimo
1553 1324 1834 1401 senatu,
1909 1315 2133 1412 digno
2209 1316 2623 1402 Minervali,
2697 1325 3062 1400 evocatae,
3134 1316 3389 1389 biblio-

575 1437 857 1508 thecam
907 1433 1005 1505 D.
1061 1431 1318 1515 Marci,
1380 1431 1496 1504 cui
1544 1432 2000 1525 praepositus
2055 1441 2235 1518 erat,
2296 1433 2707 1518 ordinavit3
2766 1434 2849 1506 in
2894 1434 3103 1529 cujus
3152 1433 3380 1517 aditu,

575 1562 659 1624 ut
718 1552 959 1635 audio,
1017 1551 1261 1645 imago
1319 1548 1386 1618 ei
1441 1548 1681 1640 posita
1715 1548 2201 1654 ‚honorificam
2260 1550 2415 1645 ejus
2473 1549 2895 1621 memoriam
2962 1549 3158 1641 apud
3223 1569 3387 1644 gra-

574 1669 940 1742 tissimum
987 1667 1340 1761 populum
1385 1677 1790 1740 conservat.
1887 1664 2161 1739 Fuerat
2204 1666 2345 1740 hoc
2392 1663 2733 1762 καμήλων,
2782 1676 2857 1740 et
2900 1664 3389 1740 inaestimabi-

572 1786 661 1858 lis
721 1785 1108 1857 thesaurus
1168 1781 1508 1854 librariae
1557 1782 2018 1874 supellectilis
2083 1784 2413 1856 sereniss.
2480 1781 2915 1877 reipublicae
2982 1784 3267 1878 legatus
3340 1803 3388 1852 a

573 1900 956 1972 cardinale
1005 1899 1434 1970 Bessarione
1479 1885 1975 1991 Trapez'lmtio
2015 1921 2207 1970 anno
2257 1915 2943 1974 Mccchxxxnx.
3041 1896 3235 1971 Acta
3281 1895 3381 1970 D.

572 2015 827 2101 Marci,
897 2025 972 2090 et
1035 2013 1364 2088 historici
1431 2009 1719 2086 Veneti.
1803 2013 2104 2088 Obierat
2169 2013 2561 2090 Bessarion
2638 2037 2753 2090 an.
2826 2031 3378 2088 Mccchxxn.

568 2134 684 2206 die
709 2151 926 2206 xnx.
954 2129 1310 2204 Novemb.
1405 2129 1872 2204 Schraderus.
1970 2129 2164 2228 Ejus
2196 2141 2391 2218 sunt,
2427 2155 2613 2227 quae
2645 2155 2781 2230 ego
2814 2131 3144 2216 viderim,
3170 2140 3258 2205 ut
3291 2131 3381 2207 de

567 2250 728 2322 aliis
759 2259 1085 2322 taceam:

861 2365 1176 2462 Logicae
1211 2364 1598 2439 Elementa
2364 2366 2489 2437 lib.
2528 2384 2581 2437 1.

861 2470 1173 2553 collatio
1207 2481 1622 2554 Platonicae
1655 2488 1874 2573 atque
1905 2478 2413 2554 Aristotelicas
2448 2480 2959 2572 Philosophiae
3150 2481 3278 2554 lib.
3320 2499 3374 2552 1.

956 2619 1104 2691 quo
1153 2619 1365 2688 opere
1413 2597 1600 2667 nihil
1651 2595 1932 2682 Musae,
1995 2600 2395 2669 multorum
2442 2597 2747 2694 judicio,
2798 2592 3197 2692 elegantius
3246 2605 3376 2668 aut

955 2714 1286 2787 ornatius
1321 2714 1708 2786 viderunt:
1759 2714 1843 2784 in
1871 2737 2018 2807 quo
2050 2735 2264 2807 opere
2294 2715 2519 2788 etiam
2550 2714 3019 2798 desudarunt,
3068 2723 3154 2785 ut
3197 2713 3379 2785 alios

960 2829 1318 2908 omittam,
1363 2827 1722 2924 Georgius
1768 2828 2166 2902 Gemistius
2200 2829 2535 2917 Plethon,
2591 2828 2885 2904 Gabriel
2925 2828 3373 2914 Buratellus,

962 2943 1346 3018 Hubertus
1381 2944 1687 3030 Folieta,
1724 2944 2225 3018 Bernardinus
2258 2946 2617 3020 Donatus.

861 3060 930 3132 E
937 3062 1242 3154 pistolae
2358 3047 2485 3137 lib·
2522 3083 2578 3134 Ι.

662 3176 944 3270 Incepit
991 3178 1244 3252 docere
1297 3177 1620 3263 Parisiis,
1670 3187 1760 3252 ut
1799 3200 1892 3250 ex
1931 3178 2110 3250 actis
2151 3180 2468 3252 nationis
2514 3178 2985 3252 Germanicae
3028 3180 3366 3272 comperi,

562 3317 752 3366 anno
787 3311 1068 3366 MDLII.
1173 3293 1552 3368 Profectus
1586 3303 1697 3366 est
1729 3292 2074 3366 Venetias
2108 3317 2301 3368 anno
2336 3312 2702 3368 MDLXIV.
2803 3293 3011 3368 Obiit
3042 3291 3368 3367 Venetiis

567 3427 934 3482 MDLxxl,

1361 3642 1799 3716 THOMAS
1847 3642 2563 3717 DEMPSTERUS.

561 3875 922 3947 THOMAs
952 3876 1453 3968 DempsteruS,
1503 3875 1726 3971 hujus
1773 3875 2010 3968 operis
2057 3885 2330 3963 auctor,
2384 3887 2471 3951 ut
2506 3877 2798 3951 meritis
2850 3889 2922 3951 et
2966 3878 3367 3950 eruditione

555 3993 857 4066 ultimus
891 4004 1025 4077 est,
1057 3995 1165 4066 ita
1199 3992 1538 4064 ultimum
1571 3994 1809 4064 locum
1844 3995 2235 4078 sortietur3
2288 3995 2417 4067 ubi
2456 3995 2544 4065 de
2576 3997 2723 4080 illo,
2759 3995 2823 4066 si
2856 3995 3044 4070 tanti
3077 3994 3367 4088 putabis

559 4132 732 4193 esse,
768 4110 956 4182 vide.

1303 4343 1352 4416 J
1355 4341 1777 4416 OANNES
1826 4340 2345 4415 DURAEUS.
2452 4349 2621 4425 429.
2672 4353 2675 4358 ’

555 4575 604 4644 J
609 4591 944 4647 OANNES
995 4575 1353 4660 Duraeus,
1405 4551 1785 4648 Societatis
1835 4575 1886 4646 J
1887 4599 2015 4646 esu
2063 4577 2445 4672 presbyter
2486 4579 2652 4671 pius
2699 4603 2781 4652 ac
2822 4581 3099 4663 doctus,
3152 4601 3363 4672 quem

557 4693 783 4772 miror
817 4691 1378 4764 Ribadeneiram
1411 4693 1760 4777 omisisse,
1795 4715 1958 4764 cum
1994 4693 2182 4763 tanti
2216 4694 2551 4780 nominis,
2588 4694 2845 4778 famae,
2884 4719 2967 4767 ac
3003 4693 3369 4766 doctrinae

559 4829 706 4899 non
739 4807 1105 4881 debuisset
1139 4808 1490 4882 oblivisci.
1593 4807 1932 4882 Meminit
1970 4805 2463 4884 Bibliothecae
2496 4810 2853 4884 Classicae
2886 4820 3139 4883 auctor
3169 4811 3369 4906 pagi-
