4384 5817
1232 510 1587 583 GENTIS
1632 507 2191 591 scoToRUM,
2246 506 2434 579 LIB.
2479 508 2536 579 1.
3267 512 3313 577 9

514 706 625 777 Jo.
660 729 705 777 a
738 702 977 801 Nigra
1005 703 1213 776 Valle
1244 703 1451 798 Epit.
1488 704 1903 778 Chronicar.
1942 712 1989 746 ‘⁶
2021 702 2096 774 S.
2132 700 2402 775 Aidan.
2437 700 2891 775 Scotiensis.”

570 820 759 891 ‚en-ic
790 842 940 893 non
984 821 1195 893 aliter
1237 820 1535 893 docebat
1578 844 1795 913 quam
1843 818 2176 893 vivebat:
2227 818 2388 891 ideo
2421 818 2592 914 jure
2641 814 3314 889 Northumbrorum

516 939 881 1029 apostolus
939 959 986 1008 a
1040 938 1255 1033 gente
1284 958 1399 1007 ,οε
1454 938 1549 1009 ad
1604 936 1979 1007 Christum
2038 957 2384 1007 conversa
2440 934 2680 1007 vocari
2749 930 3036 1005 meruit.
3096 928 3147 1001 J
3147 952 3308 1001 oan.

520 1050 859 1123 Leslaeus
900 1054 1027 1125 lib.
1065 1070 1175 1123 ιν.
1228 1052 1425 1125 Hist.
1446 1050 1661 1123 θεοῖ.
1708 1074 1873 1148 pag.
1912 1067 2202 1123 chm.
2303 1050 2500 1121 Coisi
2547 1050 2902 1120 idolorum
2949 1046 3314 1118 sacerdote
3451 1082 3462 1093 ·

520 1166 719 1239 victo
748 1168 1117 1263 regionem
1150 1168 1457 1240 Christo·
1474 1166 1825 1240 subdidit.
1920 1166 2161 1237 Hunt.·
2197 1164 2394 1236 Hist.
2427 1165 2552 1237 lib.
2592 1182 2716 1235 111.
2820 1162 2926 1236 Et
2950 1164 3112 1234 ideo
3136 1161 3310 1233 Lin-

518 1280 1003 1357 disfarnensis'
1040 1281 1371 1357 ecclesiae
1426 1284 1707 1376 primus
1768 1284 2165 1376 episcopus,
2217 1282 2456 1353 sedem
2505 1280 2584 1353 in
2631 1281 2870 1352 insula
2917 1302 3003 1350 ea
3051 1278 3311 1349 consti-

519 1398 661 1470 tuit
700 1399 1007 1489 primus,
1054 1420 1239 1492 quae
1282 1409 1555 1489 postea,
1604 1398 1843 1469 insula
1884 1398 2071 1470 bello
2103 1406 2407 1482 vastata,
2451 1397 2893 1469 Dunelmum
2941 1394 3312 1477 translata.

520 1512 773 1607 Polyd.
807 1514 1017 1610 Virg.
1050 1514 1177 1585 lib.
1213 1531 1291 1583 V.
1328 1513 1527 1585 Hist.
1562 1513 1784 1608 Angl.
1823 1536 1985 1609 pag.
2023 1530 2152 1585 CV.
2257 1512 2401 1583 Hic
2447 1513 2758 1605 primam
2799 1509 3142 1583 feminam
3165 1517 3315 1581 'no-

515 1628 709 1700 mine
760 1628 955 1701 Hein
1003 1631 1083 1701 in
1130 1652 1215 1701 ea
1262 1629 1503 1701 insula
1558 1629 2172 1701 sanctimonialem
2233 1628 2696 1702 consecravit.
2761 1622 2962 1698 Beda
3017 1625 3140 1696 lib.
3197 1642 3308 1695 nr.

520 1742 713 1815 Hist.
749 1742 1164 1817 Ecclesiast.
1198 1743 1423 1841 Angl.
1458 1764 1613 1837 cap.
1650 1760 1867 1815 χχιι.
1970 1742 2159 1815 Vide
2191 1742 2385 1816 infra
2426 1742 2544 1815 hic
2573 1744 2699 1816 lib.
2739 1758 2863 1815 111.
2899 1742 2977 1814 in
3019 1733 3311 1813 Corma-

518 1880 679 1943 που,
714 1860 841 1933 ubi
874 1860 1135 1933 fiisius.
1235 1860 1426 1956 EJus
1461 1883 1637 1932 vero
1670 1868 1866 1944 sunt,

570 2004 579 2013 ’
678 1990 681 1995 ’
812 1974 1339 2049 commentarii
1368 1977 1447 2047 in
1480 1975 1889 2069 Scripturas
2400 1976 2524 2049 lib.
2565 1996 2616 2047 1.

814 2091 1179 2165 Homiliae
2395 2094 2522 2165 lib.
2561 2104 2614 2163 1.

666 2301 675 2307 ,
811 2208 1211 2281 Conciones
2401 2210 2525 2281 lib.
2565 2226 2616 2279 1.
3318 2260 3326 2267 -

538 2372 545 2383 -
616 2324 823 2397 Obiit
851 2344 1041 2395 anno
1068 2324 1327 2395 salutis
1360 2340 1583 2395 nem.
1664 2324 1852 2397 Ossa
1883 2348 2055 2398 vero
2086 2326 2165 2397 in
2199 2322 2440 2397 Scotia
2469 2344 2600 2415 per
2631 2322 3110 2396 Cohnannum
3155 2347 3310 2398 sue-

520 2462 869 2513 cessorem
936 2440 1311 2524 translata,
1378 2448 1454 2511 et
1508 2460 1777 2532 paucae
1833 2441 2178 2534 reliquiae
2237 2438 2650 2513 Glastoniae
2707 2440 3054 2513 conditae.
3116 2439 3310 2512 Guil.

516 2556 978 2629 Malmesbur.
1084 2552 1481 2627 Monachus
1514 2578 1661 2627 non
1692 2556 2067 2628 cervisiam
2101 2564 2230 2628 aut
2277 2555 2554 2638 vinum,
2604 2555 2728 2627 sed
2777 2556 2890 2627 lac
2936 2564 3008 2627 et
3053 2576 3312 2649 aquam

518 2670 759 2743 bibere
789 2672 1045 2754 voluit,
1076 2673 1221 2742 late
1257 2667 1609 2743 Hoveden
1642 2680 1829 2763 part.
1868 2688 1921 2743 1.
1956 2671 2185 2763 princ.
2220 2680 2298 2742 et
2327 2670 2593 2763 repetit
2625 2692 2790 2767 pag.
2829 2687 3071 2741 ccxl..
3169 2668 3317 2741 De-

514 2788 827 2859 mochar.
862 2798 1038 2859 tom.
1076 2803 1199 2857 111.
1235 2808 1400 2883 pag.
1430 2803 1659 2856 XLVI.
1696 2794 1872 2858 tom.
1902 2804 2015 2857 IV.
2042 2808 2210 2882 pag.
2237 2801 2525 2857 cxxw.
2561 2784 2856 2858 Scotum
2893 2784 3089 2869 facit,
3109 2793 3210 2856 “ut
3243 2795 3315 2857 et

518 2902 644 2974 88.
671 2902 1109 2987 Finnanum,
1131 2902 1634 2985 colmannum,
1661 2900 2043 2986 Diurnam,
2070 2912 2145 2975 et
2165 2901 2474 2973 Cellach.
2542 2900 2830 2974 Diserte
2857 2901 3155 2974 Bibliot.
3185 2900 3313 2971 SS.

520 3020 670 3093 PP.
712 3017 906 3112 apud
946 3016 1063 3089 Jo.
1107 3015 1432 3089 Gualter.
1484 3016 1754 3089 Chron.
1809 3016 2139 3089 Chronic.
2197 3040 2364 3113 pag.
2417 3032 2852 3089 Dccccxcl.
2907 3026 2953 3059 ‘⁶
2985 3017 3318 3090 Aidanus

520 3134 809 3207 Auvius
842 3132 1163 3205 Scottis?
1234 3141 1279 3175 “
1298 3130 1648 3205 Animam
1680 3135 1835 3229 ejus
1869 3153 2051 3224 puer
2086 3132 2556 3205 Cuthibertus
2590 3133 2773 3205 vidit
2807 3133 2901 3205 ab
2933 3135 3205 3229 angelis
3241 3135 3344 3204 in.

521 3246 1057 3349 coelumlferriss’
1082 3250 1187 3322 ait
1212 3248 1533 3320 Floreat.
1562 3248 2017 3343 Wigornien.
2090 3248 2441 3320 Memoria
2473 3250 2632 3344 ejus
2665 3249 3064 3321 celebratur
3097 3250 3187 3321 ab
3211 3274 3317 3321 ec-

521 3367 731 3437 clesia
772 3366 890 3435 die
942 3382 1185 3435 xxxl.
1236 3364 1584 3460 Augusti.
1638 3362 2127 3459 Martyrologi
2170 3364 2576 3455 scriptores.
2629 3363 2900 3435 Molan.
2938 3363 3314 3435 Addition.

520 3480 830 3553 Usuard.
884 3480 1362 3576 Martyrolog.
1414 3480 1721 3553 Roman.
1776 3479 1936 3552 Pet.
1986 3476 2418 3551 Galesinius.
2463 3477 3104 3571 Archiepiscopum
3139 3476 3314 3548 facit

520 3596 890 3669 Amoldus
923 3594 1169 3667 Uvion
1202 3595 1325 3667 lib.
1365 3614 1455 3667 11.
1490 3593 1709 3690 Ligu.
1743 3594 1963 3667 Vitae
1992 3616 2157 3689 pag.
2197 3610 2498 3665 ccxnv.

1472 3828 1547 3899 S.
1600 3824 2194 3899 ADALGISUS.
2299 3829 2369 3897 8.

528 4062 851 4135 MAGNA
900 4062 1305 4135 sanctitatis
1360 4060 1555 4133 fama
1613 4060 2003 4157 Adalgisus
2062 4059 2380 4130 exercuit
2444 4043 2584 4129 viri
2647 4058 2814 4129 boni
2875 4058 3184 4132 officium
3245 4065 3320 4133 iu

525 4177 801 4273 Belgio,
850 4177 1279 4271 suscipiente
1330 4176 1799 4272 Madelgario,
1848 4176 2006 4269 qui·
2025 4182 2274 4266 postea
2319 4172 2626 4245 Sanctus
2688 4172 3120 4247 Vincentius
3177 4178 3324 4249 dic-

526 4305 648 4365 tus
703 4302 837 4376 est,
894 4292 1329 4365 Hannoniae
1380 4294 1661 4366 comite.
1768 4290 1997 4362 Notat
2053 4288 2428 4361 Aubertus
2485 4288 2809 4361 Miraeus
2866 4290 2956 4361 de
3017 4290 3325 4364 Canoni-

525 4426 773 4479 corum
834 4406 1173 4503 collegiis
1231 4428 1386 4500 cap.
1448 4424 1644 4477 xLV.
1716 4405 2011 4477 comites
2081 4404 2306 4478 fuisse
2377 4416 2660 4477 sanctae
2731 4404 3326 4502 peregrinationis

525 4506 950 4605 Fursaeum,
1010 4521 1443 4603 Foillanum,
1504 4520 1879 4602 Ultanum,
1954 4520 2376 4613 Eloquium,
2449 4518 2831 4604 Ettonem,
2887 4532 2962 4591 et
3025 4519 3325 4617 Adalgi-

525 4656 713 4708 sum.
750 4716 761 4725 ‚
790 4636 897 4709 Hi
923 4646 1095 4709 sunt
1120 4638 1227 4709 illi
1253 4636 1341 4706 de
1366 4634 1627 4728 quibus
1652 4633 2069 4730 Sigebertus
2104 4635 2185 4706 in
2217 4635 2484 4707 Chron.
2525 4644 2569 4678 “
2597 4634 2895 4707 Praeter
2925 4636 3058 4709 hos
3092 4645 3162 4708 et
3197 4639 3322 4708 alii

526 4752 739 4825 multi
788 4752 879 4825 de
926 4749 1201 4847 Anglia
1258 4754 1374 4825 vel
1432 4750 1669 4825 scotia
1720 4749 2256 4845 peregrinantes
2307 4751 2604 4825 verbum
2653 4750 2794 4822 Dei
2849 4750 3332 4835 seminabant,-

1906 4882 1952 4936 c
