4384 5817
1069 550 1156 617 88
1837 545 2309 618 HISTORIA
2354 544 3109 617 ECCLESIASTICA

1073 743 1271 838 giam
1338 735 1638 812 Parisiis
1701 739 2039 812 secularis
2095 737 2337 811 fuerat
2402 737 2790 830 professus,
2858 747 2935 810 et
2998 757 3091 808 ex
3156 731 3489 808 Romana
3554 739 3865 832 peregri-

1075 859 1364 932 natione
1411 855 1840 930 monachum
1889 854 2156 928 ibidem
2204 855 2349 928 loci
2374 854 2731 926 induerat.
2832 853 3425 948 Scripsitwulta,
3460 851 3587 924 sed
3618 861 3865 926 extant

1073 983 1382 1058 tantum,
1415 973 1611 1068 quod
1644 973 1888 1057 sciam,

1364 1088 1799 1172 Quodlibeta
1831 1088 2338 1180 Philosophica
2754 1085 2877 1160 lib.
2916 1103 2971 1158 1.

1362 1203 2014 1275 Determinationes
2051 1201 2526 1298 Theologicae
2749 1201 2888 1275 lib.
2914 1221 2971 1274 1.
3030 1199 3439 1274 chronicon
3490 1199 3665 1272 dicti
3714 1221 3861 1272 mo·

1464 1319 1786 1404 nasterii,
1821 1327 1894 1390 et
1925 1325 2088 1390 acta
2118 1318 2521 1390 academiae
2554 1317 3007 1390 Parisiensis.

1170 1433 1500 1506 Praefuit
1531 1435 1738 1506 annis
1773 1451 1958 1506 v111.
2058 1433 2267 1506 Obiit
2300 1455 2489 1507 anno
2524 1449 2941 1508 Mccccmr.

2089 1662 2168 1737 S.
2220 1662 2616 1740 AGLIUS.
2720 1670 2839 1745 5⁷.

1068 1897 1142 1968 S.
1178 1897 1526 1982 AoLms,
1563 1907 1609 1942 ‘⁶
1641 1899 1758 1971 vir
1789 1899 1868 1970 in
1893 1899 2291 1992 disciplinis
2318 1896 2769 1994 regularibus
2794 1897 3121 1992 apprime
3142 1895 3535 1981 eruditus,''
3560 1895 3664 1967 ait
3690 1895 3859 1968 Fre-

1064 2016 1369 2110 degosus
1403 2013 1483 2084 in
1515 2013 1694 2086 Vita
1725 2011 1801 2085 S.
1828 2012 2189 2098 Audoeni,
2224 2033 2377 2108 cap.
2406 2028 2553 2083 vu.
2584 2032 2745 2084 eum
2771 2011 2846 2084 S.
2873 2011 3322 2084 Columbano
3352 2007 3568 2084 Seoto
3600 2033 3691 2084 ex
3726 2010 3860 2082 Hi-

1061 2130 1310 2201 bernia
1341 2129 1420 2200 in
1453 2127 1724 2201 Gallias
1759 2130 2150 2213 descendit,
2183 2128 2577 2224 discipulus
2622 2128 2942 2223 ejusdem
2990 2135 3065 2199 et
3108 2125 3311 2211 civis,
3360 2135 3437 2198 et
3480 2124 3573 2199 ab
3615 2127 3859 2198 eodem

1059 2243 1437 2327 Audoeno,
1482 2241 2058 2339 Rhotomagensi
2089 2243 2455 2325 antistite,
2506 2242 2775 2316 accitus
2807 2243 2903 2315 ad
2932 2243 3107 2315 novi
3142 2243 3555 2314 monasterii
3576 2241 3858 2314 Rasba-

1059 2361 1311 2443 censis,
1344 2360 1539 2454 quod
1571 2359 1726 2452 ipse
1758 2359 2285 2444 aedificaverat,
2306 2365 2580 2441 euram,
2614 2361 2895 2452 primus
2928 2357 3149 2432 abbas
3178 2359 3342 2441 ioci,
3368 2366 3641 2454 'magna
3662 2381 3859 2430 sanc·

1057 2477 1268 2548 titate
1324 2485 1398 2546 et
1456 2477 1896 2548 continentia
1956 2475 2351 2547 monastica
2410 2484 2583 2547 vota
2638 2477 2981 2558 exercuit,
3054 2475 3331 2567 primus
3386 2495 3429 2544 e
3486 2473 3857 2546 duodecim

1059 2591 1450 2683 discipulis,
1501 2591 1626 2682 qui
1677 2613 1724 2661 a
1771 2589 2118 2684 magistro
2151 2591 2266 2661 -sit
2312 2590 2665 2675 divulsus,
2700 2591 3097 2663 maximum
3142 2592 3334 2663 inter
3376 2591 3855 2662 sanctissimos

1055 2709 1216 2779 illos
1250 2709 1448 2779 viros
1479 2707 1744 2778 amoris
1778 2716 2308 2802 argumentum,
2344 2705 2471 2798 qui
2506 2707 2811 2778 alterum
2844 2709 3300 2800 relinqueret,
3338 2705 3545 2778 alteri
3570 2727 3855 2798 operam

1059 2831 1478 2907 navaturus,
1531 2833 1606 2897 et
1637 2823 1856 2894 simul
1888 2832 2277 2915 utrumque
2312 2821 2571 2892 animis
2602 2821 2951 2916 firmaque
2982 2823 3327 2894 memoria
3371 2822 3850 2917 conjungeret.

1061 2938 1364 3032 Scripsit

1354 3053 1470 3126 De
1501 3053 1927 3126 Sanctorum
1961 3051 2197 3125 Feriis
2746 3053 2869 3126 lib.
2912 3073 2962 3125 1.

1356 3169 1469 3242 De
1503 3168 1959 3242 Paenitentia
2155 3214 2164 3226 -
2744 3167 2870 3241 lib.
2908 3189 2961 3240 1.
3046 3193 3058 3206 ’

1357 3283 1864 3356 Enchiridium
1897 3283 2301 3357 claustrale
2744 3285 2869 3358 lib.
2908 3303 2961 3356 1.

1143 3401 1425 3474 claruit
1481 3399 1841 3472 confessor
1895 3419 2086 3471 anno
2145 3413 2469 3471 nvan.
2534 3403 2648 3473 vel
2706 3419 3019 3474 nchx.
3090 3400 3373 3475 Colitur
3437 3403 3554 3475 die
3610 3419 3847 3474 xxix.

1041 3517 1390 3613 Augusti,
1439 3517 1526 3588 u't
1577 3517 1736 3586 vult
1785 3513 2237 3587 Trithemius
2274 3515 2417 3588 lib.
2471 3535 2595 3588 111.
2646 3517 2807 3590 Vir.
2842 3519 3108 3591 illustr.
3150 3539 3302 3610 cup.
3336 3533 3545 3591 xclt.
3580 3520 3707 3590 vel'
3727 3519 3841 3589 die

1059 3651 1266 3704 xxx.
1319 3633 1664 3726 ejusdem,
1713 3630 1957 3703 Uvion
2005 3630 2130 3704 lib.
2186 3648 2311 3702 111.
2360 3653 2527 3729 pag.
2568 3649 2993 3706 ccxxcvn.
3044 3644 3174 3707 aut
3220 3635 3529 3730 denique
3578 3652 3633 3707 1.
3684 3635 3849 3728 Sep·

1058 3749 1273 3822 temb.
1329 3757 1416 3820 ut
1452 3751 1684 3842 placet
1735 3745 1816 3818 M
1821 3748 2158 3840 autolyco
2206 3757 2282 3818 et
2326 3747 2573 3820 Felici.
2670 3747 2973 3845 Agilum
3020 3759 3229 3822 vocat
3275 3749 3545 3836 Uvion,
3588 3761 3664 3822 et
3706 3771 3847 3822 non

1054 3867 1208 3937 sine
1256 3875 1432 3936 nota
1479 3863 1554 3936 S.
1605 3862 1932 3936 Eustasii
1982 3863 2413 3956 discipulum
2465 3863 2660 3950 facit,
2696 3887 2857 3937 cum
2899 3864 3077 3939 Vita
3106 3865 3181 3938 S.
3218 3865 3554 3939 Audoeni
3586 3867 3847 3958 scripta

1053 4003 1183 4072 per
1215 3979 1727 4075 Fredegosum,
1762 3979 2038 4062 fidelem
2074 3981 2468 4063 notarium,
2494 3979 2567 4051 S.
2606 3981 3051 4060 columbano
3076 3981 3439 4053 divulsum
3468 3991 3845 4074 antequam

1054 4095 1468 4168 Luxovium
1501 4095 1928 4188 perveniret,
1963 4102 2296 4166 testetur.
2351 4093 2815 4189 Maurolycus
2848 4119 3019 4168 vero
3052 4097 3189 4170 sub
3228 4095 3592 4170 Clodoneo
3623 4093 3847 4166 Fran-

1052 4234 1297 4283 corum
1333 4234 1500 4306 rege
1534 4210 1760 4302 ponit,
1793 4225 1980 4303 quae
2025 4217 2223 4280 aetas
2276 4210 2353 4280 in
2398 4208 2473 4281 S.
2522 4209 3043 4283 columhanum
3088 4209 3418 4304 quadrat,
3460 4213 3541 4283 iu
3584 4209 3845 4282 Eusta-

1051 4329 1238 4399 sium
1273 4329 1655 4400 convenire
1689 4327 1960 4418 nequit.

1773 4521 2204 4596 AENEAS
2254 4521 2684 4596 SYLVIUS
2734 4523 2883 4596 ΡΡ.
2986 4529 3105 4598 58.

1045 4675 1398 4748 AENEAS
1457 4669 1770 4770 Sylvius,
1823 4673 1967 4745 'etsi
2037 4672 2335 4744 Italicae
2404 4673 2727 4770 originis,
2798 4684 3010 4746 natus
3076 4673 3459 4746 Corsiliani
3527 4675 3605 4745 in
3672 4695 3843 4770 agro

1043 4791 1346 4865 Senensi
1441 4813 1530 4864 ex
1623 4791 2024 4864 clarissima
2123 4799 2343 4886 gente
2448 4788 2949 4872 Picolominea,
3048 4789 3375 4881 pontifex
3472 4789 3841 4863 Romanus
