4384 5817
573 919 1637 1090 ¹HISTORIAE
1718 921 3258 1040 ECCLESIASTICAE

1206 1129 1776 1234 GENTIS
1849 1131 2659 1268 SCOTORUM

1665 1393 2037 1480 LIBER
2094 1396 2211 1482 ΙΙ.

1409 1759 1484 1835 s,
1537 1723 2190 1836 BALDREDUS.
2296 1768 2467 1838 122.

529 1949 656 2038 DE
691 1959 768 2035 S.
805 1960 1187 2046 Baldredo,
1219 1959 1552 2054 episcopo
1580 1957 2022 2045 Glascuemi,
2057 1960 2132 2034 S.
2171 1961 2607 2060 Kentigerni
2652 1979 3075 2046 successore,
3122 1959 3341 2035 verba

530 2079 868 2152 Hectoris
901 2075 1192 2149 Boethii
1226 2097 1318 2148 ex
1349 2074 1474 2148 lib.
1514 2092 1630 2148 lx.
1669 2071 1867 2148 His't.
1904 2075 2095 2150 Scot.
2131 2099 2516 2171 apponam.
2568 2088 2617 2122 “
2649 2074 2889 2149 Divus
2915 2073 3338 2159 Baldredua

525 2193 786 2266 Scotus
817 2215 1100 2290 genere,
1139 2189 1510 2266 Pictorum
1543 2191 1819 2277 doctor,
1850 2193 1976 2285 qui
2011 2193 2138 2266 ubi
2181 2193 2427 2266 Pictos
2470 2202 2662 2268 recta
2702 2192 2841 2264 fide
2884 2191 3008 2285 pio
3052 2191 3343 2264 institu-

525 2310 701 2382 isset
731 2309 1015 2392 sudore,
1051 2308 1130 2378 in
1161 2307 1392 2380 Bassa
1437 2305 1650 2400 (arcis
1693 2316 1806 2378 est
1846 2328 2109 2380 nomen
2152 2308 2233 2380 in
2274 2307 2675 2392 Laudouia,
2708 2308 2845 2379 loci
2878 2317 3141 2378 natura
3185 2328 3337 2377 om·

522 2424 728 2497 nium
762 2423 1310 2506 munitissimae,
1353 2421 1647 2516 scopulo
1690 2421 2044 2497 altissimo
2084 2423 2398 2516 amplius
2431 2423 2713 2496 duobus
2746 2421 3092 2514 passuum
3126 2421 3340 2493 mini-

521 2539 658 2612 bus
684 2562 729 2611 a
752 2537 1169 2621 continenti,
1193 2537 1512 2630 undique
1535 2537 1720 2608 mari
1747 2536 2002 2623 cincto,
2035 2539 2247 2634 sitae)
2284 2538 2441 2610 vita
2470 2537 2936 2635 defimgimr3
2972 2558 3339 2631 quumque

521 2654 751 2726 trium
801 2653 1299 2746 parochiarum
1349 2653 1516 2736 viri,
1563 2649 1991 2738 Aldhamae,
2043 2651 2546 2750 Tinnigamae‚
2592 2662 2665 2727 et
2700 2653 3028 2737 Preston‚
3072 2674 3207 2744 pro
3238 2651 3342 2723 ef·

518 2769 816 2842 ferendo
836 2767 1088 2840 funere
1111 2769 1578 2850 decertarent,
1603 2767 1960 2854 omnibus,
1985 2777 2070 2842 ut
2093 2779 2246 2842 tam
2272 2779 2519 2842 sancto
2543 2771 2846 2866 pignore
2877 2769 3333 2840 honestaren-

516 2895 666 2969 tur,
702 2881 1318 2966 contendentibus,
1349 2889 1842 2976 spectaretque
1891 2905 2006 2956 res
2049 2906 2275 2986 prope
2320 2885 2413 2957 ad
2456 2885 2826 2980 injuriam,
2872 2885 3145 2978 placuit
3188 2906 3339 2956 om-

517 3001 724 3072 nium
759 3019 1110 3072 consensu
1141 3006 1557 3090 sequentem
1589 3005 1872 3070 noctem
1904 3001 2049 3091 piis
2081 3002 2495 3074 assistentes
2528 3000 3059 3093 precationibus
3093 3020 3335 3072 sacras

517 3137 734 3212 agere
757 3114 1071 3209 vigilias,
1096 3111 1446 3205 postridie
1470 3113 1665 3206 quod
1697 3113 1835 3184 loci
1869 3114 2199 3207 pontifex
2235 3116 2327 3210 (is
2354 3124 2513 3188 tum
2538 3116 2726 3188 forte
2758 3116 2952 3200 illuc,
2976 3125 3063 3187 ut
3099 3137 3341 3188 sacrae

517 3229 1025 3323 supplicationi
1082 3228 1384 3312 adesset,
1440 3232 1766 3324 venerat)
1821 3230 1902 3301 in
1947 3253 2028 3304 re
2080 3229 2502 3305 faciundum
2550 3233 2839 3316 diceret,
2893 3233 3162 3325 absque
3209 3232 3336 3303 lite

516 3354 1062 3438 exequerentur.
1149 3342 1434 3416 Exacta
1465 3354 1673 3416 nocte
1707 3352 1854 3417 tres
1887 3348 2147 3439 capuli,
2185 3348 2420 3420 tribus
2452 3368 2619 3419 cum
2656 3348 3094 3441 corporibus,
3124 3350 3340 3420 vesti-

515 3461 782 3533 mentis
807 3461 1028 3532 sacris
1054 3459 1388 3532 decenter
1409 3461 1670 3544 ornati,
1693 3461 1896 3533 nullo
1919 3461 2111 3534 inter
2133 3485 2211 3534 se
2238 3463 2757 3560 magnitudine,
2780 3472 2909 3533 aut
2925 3463 3181 3543 colore,
3208 3471 3337 3533 aut

515 3575 659 3648 alio
683 3574 942 3669 quovis
967 3575 1400 3659 discrimine,
1421 3597 1466 3646 a
1485 3574 1972 3649 sacerdotibus
1991 3578 2128 3650 sub
2147 3579 2443 3651 dubiam
2464 3580 2699 3651 lucem
2717 3578 3018 3660 inventi,
3031 3575 3339 3672 jubente.

517 3693 876 3785 episcopo,
926 3691 1066 3783 piis
1115 3712 1200 3762 ac
1239 3691 1448 3764 laetis
1495 3692 1746 3784 populi
1797 3693 2427 3766 acclamationibus
2466 3693 2560 3764 ad
2598 3693 2743 3764 tria
2785 3692 3023 3763 vicina
3070 3693 3339 3783 templa

513 3817 691 3878 sunt
757 3807 974 3878 delati
1001 3827 1024 3890 3
1103 3805 1229 3878 ubi
1287 3807 1480 3878 idem
1539 3806 1764 3879 funus
1821 3806 2070 3879 divina
2127 3831 2347 3902 opera
2410 3807 2645 3881 tribus
2712 3808 2791 3878 in
2849 3807 3021 3878 locis
3078 3806 3338 3878 celebri

513 3943 804 4016 pompa,
841 3921 1307 4014 honestisque
1337 3921 1800 4016 sarcophagis
1834 3923 2229 4007 conditum,
2264 3924 2400 3996 hoc
2430 3933 2681 3995 nostro
2712 3943 2891 3994 aevo
2926 3945 2969 3994 a
3002 3923 3336 4018 religioso

508 4037 780 4130 populo
806 4037 946 4130 piis
973 4037 1163 4108 votis
1187 4036 1650 4108 honoratur.”
1703 4035 1916 4118 Quod
1941 4061 2026 4110 eo
2050 4039 2417 4111 lubentius
2443 4039 2683 4121 retuli,
2709 4060 2856 4131 quo
2878 4038 3047 4134 Jure
3080 4039 3329 4109 mirari

509 4152 762 4224 lubeat
793 4153 1065 4223 nullam
1101 4153 1190 4224 de
1221 4158 1372 4224 tam
1409 4161 1658 4224 sancto
1683 4153 1844 4223 viro
1877 4153 1956 4222 in
1990 4150 2541 4248 Martyrologiis
2574 4148 2840 4221 factam
2873 4149 3329 4222 mentionem.

513 4265 860 4338 Meminit
889 4264 1008 4338 Jo.
1045 4265 1386 4340 Leslaeus
1419 4266 1544 4339 lib.
1585 4285 1697 4339 lv·
1747 4265 1950 4340 Hist.
1987 4265 2179 4338 Scot.
2226 4287 2394 4360 pag.
2432 4283 2631 4338 an.
2674 4279 2749 4336 et
2790 4261 3003 4335 Joan.
3054 4263 3335 4334 Fordu·

507 4402 652 4453 nus
687 4380 849 4452 MS.
897 4383 976 4452 iu
1023 4381 1223 4454 Hist.
1269 4381 1462 4457 Scot-
1507 4382 1634 4455 lib.
1672 4400 1817 4455 vn.
1865 4389 2281 4454 asservatus
2327 4379 2838 4474 cantabrigiae
2882 4381 2961 4450 in
3010 4376 3334 4472 Collegio

513 4495 612 4567 D.
649 4495 1050 4582 Benedicti,
1083 4497 1212 4591 qui
1245 4499 1501 4570 asserit
1535 4519 1701 4570 eum
1733 4496 2106 4590 scripsisse
2137 4497 2515 4590 quaedam,
2550 4504 2627 4568 et
2657 4495 2850 4567 inter
2882 4517 2968 4566 ea

811 4610 924 4684 De
958 4611 1278 4686 Scoticae
1309 4611 1674 4686 Ecclesiae
1705 4611 1922 4685 Statu
2414 4611 2541 4684 lib.
2581 4628 2633 4682 1.

507 4741 516 4750 ’
605 4721 877 4798 Vivere
909 4726 1125 4800 desiit
1158 4727 1348 4802 anno
1383 4744 1608 4801 Dev1.
1713 4725 1998 4799 Colitur
2028 4727 2145 4800 die
2181 4744 2294 4799 Ἦ.
2328 4727 2607 4801 Martii.
2710 4725 3036 4800 Breviar.
3076 4723 3330 4797 Scotic.

1891 4859 1946 4915 K
