4384 5817
1054 585 1189 652 802
1830 585 2302 660 HISTORIA
2345 587 3102 660 ECCLESIASTICA

1060 779 1167 851 ait
1212 777 1429 852 Joen.
1474 777 1819 854 Leslaeus
1866 779 1993 854 lib.
2030 799 2143 855 tv.
2197 779 2396 855 Hist.
2449 781 2642 856 ὅσοι.
2693 804 2862 879 pag.
2916 799 3204 854 cme.
3253 789 3334 856 at
3379 779 3868 858 Demochares

1060 905 1237 968 tom.
1301 915 1389 970 11.
1448 895 1705 970 Sacris.
1776 897 1982 971 Miss.
2054 921 2212 992 cap.
2273 916 2448 971 ΧΠ.
2519 899 2888 972 antistites
2954 897 3402 972 Rhemenses
3467 911 3869 984 enumerat,

1062 1015 1329 1087 omisso
1362 1015 1509 1088 illo.
1597 1015 1812 1090 Hect-
1848 1015 2110 1089 Boeth.
2144 1017 2272 1090 lib.
2303 1035 2420 1088 11.
2457 1013 2740 1088 Histor.
2777 1015 2970 1089 Scot.
2997 1037 3168 1112 pag.
3198 1032 3494 1088 CLvul.
3531 1025 3578 1058 ‘⁴
3603 1014 3876 1089 Gibiri-

1058 1151 1199 1204 nns
1232 1140 1543 1216 nostras,
1574 1133 1693 1204 vir
1725 1133 1997 1228 insigni
2041 1133 2332 1226 pietate,
2379 1133 2508 1226 qui
2549 1131 3002 1205 ethnicorum
3045 1133 3126 1204 in
3165 1130 3482 1206 Albione
3521 1133 3872 1230 injuriam

1058 1246 1423 1320 declinans
1456 1269 1623 1321 cum
1654 1249 2032 1335 fratribus,
2082 1271 2166 1322 ac
2209 1251 2430 1321 etiam
2477 1249 2866 1334 sororibus,
2916 1271 3100 1343 quas
3149 1250 3396 1322 eadem
3445 1251 3529 1322 in
3577 1247 3874 1320 Christo

1058 1374 1388 1437 moverat
1430 1364 1769 1450 charitas,
1820 1366 2228 1440 transmisit
2267 1368 2346 1438 in
2396 1363 2731 1451 Galliam,
2785 1366 2916 1438 ubi
2965 1363 3448 1438 Rhemensem
3499 1365 3872 1436 civitatem

1058 1479 1255 1552 vitae
1286 1481 1783 1566 sanctimonia,
1820 1490 1895 1555 et
1926 1483 2294 1554 miraculis
2328 1482 2684 1555 ornavit.”
2751 1481 3138 1555 Flodoard.
3173 1480 3570 1575 Presbyter
3597 1479 3723 1552 lib.
3753 1495 3865 1550 lv,

1062 1593 1343 1669 Histor.
1378 1594 1653 1669 Eccles.
1688 1596 2041 1671 Rhemen.
2076 1620 2232 1691 cap.
2269 1618 2388 1671 lx.
2440 1609 2486 1644 ‘⁶
2518 1599 2784 1672 Delata
2831 1607 3008 1672 sunt
3053 1597 3150 1670 ad
3197 1598 3566 1670 eeclesiam
3609 1595 3684 1668 S.
3727 1593 3868 1668 Re·

1054 1713 1265 1809 migii
1294 1714 1619 1786 membra
1650 1713 1727 1786 S.
1762 1711 2093 1788 Gibriani
2126 1739 2173 1786 a
2203 1737 2394 1812 pago
2426 1715 2960 1798 Catalaunensi,
3000 1714 3125 1786 ubi
3165 1713 3668 1810 peregrinatus
3701 1735 3864 1786 nos-

1057 1829 1269 1914 citur,
1302 1839 1377 1902 et
1407 1830 1799 1916 humatus3
1851 1833 2297 1904 advenerant
2327 1830 2684 1926 siquidem
2719 1831 2813 1904 ab
2849 1829 3206 1903 Hibernia
3237 1830 3318 1900 in
3347 1828 3538 1900 hanc
3565 1829 3866 1922 provin·

1056 1947 1243 2018 ciam
1292 1959 1565 2040 septem
1616 1947 1879 2020 fratres
1912 1949 2516 2044 peregrinationis
2556 1947 2650 2020 ob
2699 1969 3043 2031 amorem,
3095 1945 3374 2016 Christi
3405 1945 3690 2040 gratia3
3745 1943 3864 2016 hic

1054 2063 1325 2135 scilieet
1356 2063 1771 2150 Gibrianus,
1809 2063 2163 2149 Tesanus,
2199 2063 2590 2148 Tresanus,
2627 2061 3054 2147 Germanus,
3087 2061 3446 2146 Veranus,
3493 2061 3864 2143 Abranus,

1054 2178 1435 2266 Petranus,
1472 2202 1638 2252 cum
1672 2181 1907 2254 tribus
1940 2181 2308 2254 sororibus
2340 2181 2518 2266 suis,
2557 2180 2874 2266 Frauda,
2917 2179 3318 2273 Promptia,
3353 2189 3430 2253 et
3461 2178 3858 2260 Possenna,

1052 2297 1397 2392 eligentes
1446 2297 1587 2368 sibi
1640 2319 1857 2391 super
1912 2295 2220 2370 fluvium
2277 2299 2572 2370 nomine
2621 2297 3042 2370 Matronam
3089 2303 3499 2390 opportuna
3549 2293 3858 2390 degendi

1050 2415 1227 2498 loca,
1261 2435 1573 2507 quorum
1604 2413 1725 2486 hic
1756 2411 2173 2500 Gibrianus,
2210 2424 2504 2488 sanctus
2549 2415 2900 2496 sacerdos,
2949 2412 3310 2506 quendam
3361 2411 3606 2484 vicum
3639 2409 3859 2506 elegit

1051 2527 1145 2599 ad
1176 2527 1675 2616 habitandum,
1708 2529 1916 2602 Colla
1947 2539 2310 2614 vocatum,
2357 2530 2486 2602 ubi
2535 2529 2866 2622 pluribus
2913 2547 3272 2600 annorum
3319 2525 3698 2598 curricul'n
3749 2547 3860 2596 so-

1049 2641 1227 2729 brie,
1251 2645 1477 2741 juste,
1510 2648 1769 2740 pieque
1802 2646 2079 2730 vivens,
2110 2668 2344 2740 usque
2375 2647 2469 2718 ad
2495 2645 2774 2718 exitum
2795 2645 3014 2729 vitae,
3037 2643 3310 2716 bonum
3328 2642 3612 2716 studuit
3635 2651 3860 2716 certa·-

1048 2781 1219 2832 men
1250 2770 1571 2849 certare3
1622 2763 1833 2858 cujus
1880 2785 2141 2857 corpus
2188 2765 2508 2856 primum
2557 2763 2826 2834 dicitur
2861 2763 3086 2858 juxta
3115 2781 3454 2857 aggerem
3485 2757 3855 2854 publicum

1050 2878 1481 2972 sepultum.”
1594 2875 1785 2950 Vide
1834 2901 2020 2973 quae
2070 2891 2495 2974 sequuntur.
2621 2878 2948 2976 Injurius
2995 2891 3108 2950 est
3155 2876 3608 2950 modom-dus
3654 2876 3858 2972 genti

1054 3005 1366 3080 nostrae,
1400 2996 1577 3068 dum
1611 3003 1944 3068 sanctum
1976 2997 2175 3068 hunc
2223 2997 2432 3070 nobis
2481 2997 2902 3089 ademptum
2951 2993 3300 3067 Hibernis
3347 2994 3623 3077 donat3
3675 2991 3858 3064 falso

1050 3133 1244 3196 sane,
1280 3133 1449 3184 nam
1473 3122 1762 3205 praeter
1791 3113 2125 3185 laudatos
2150 3111 2570 3208 Sigebertus
2597 3111 3164 3184 Gemblaeensisz
3202 3118 3249 3152 ‘⁴
3273 3107 3666 3182 Gibrianus
3692 3108 3856 3181 Sco-

1050 3240 1197 3314 tus,
1230 3251 1395 3300 cum
1429 3227 1781 3301 fratribus
1815 3237 1892 3300 et
1924 3229 2294 3302 sororibus
2331 3230 2412 3301 in
2455 3227 2766 3302 Galliam
2801 3227 3326 3323 peregrinatus,
3373 3225 3632 3298 urbem
3659 3223 3856 3297 Rhe-

1044 3367 1363 3418 mensem
1400 3345 1555 3418 vita
1588 3355 1663 3416 et
1694 3355 1927 3418 morte
1960 3369 2095 3418 sua
2126 3347 2511 3420 illustrat.”
2609 3345 2798 3418 Tam
2833 3343 3130 3416 celebris
3177 3343 3410 3416 sancti
3451 3343 3728 3415 nullam
3771 3343 3854 3414 in

1046 3459 1577 3556 Martyrologio
1610 3459 1943 3532 Romano
1974 3460 2131 3534 fieri
2162 3464 2626 3547 mentionem,
2659 3461 2928 3534 mirum
2963 3459 3194 3532 videri
3227 3467 3534 3552 poterat,
3585 3457 3730 3530 nisi
3781 3469 3854 3530 et
4001 3535 4030 3558 ·

1044 3577 1173 3650 alii
1218 3587 1461 3648 essent
1509 3577 2021 3668 praetermissi.
2124 3577 2470 3652 Meminit
2513 3587 2760 3651 tamen
2808 3574 3148 3650 Molanus
3197 3575 3278 3648 in
3323 3571 3708 3647 Addition.
3759 3575 3850 3646 ad
3919 3619 3928 3626 -

1046 3691 1363 3766 Usuard.
1418 3691 2057 3788 Martyrologium,
2108 3693 2386 3768 Melan.
2447 3695 2564 3768 die
2613 3711 2796 3767 v111.
2847 3691 3057 3776 Maii,
3110 3713 3256 3785 quo
3303 3711 3564 3784 eorpus
3613 3693 3845 3764 sancti

1044 3811 1505 3882 translatum.
1582 3807 1797 3904 ‚Ejus
1830 3821 2039 3882 erant
2070 3813 2306 3882 multa
2335 3813 2624 3904 scripta,
2659 3811 2786 3884 sed
2817 3816 3019 3882 extat
3051 3817 3342 3882 tantum

1344 3923 1681 4017 Epistola
1710 3924 1799 3998 de
1831 3923 2447 4022 Peregrinationis
2477 3925 2691 3999 Bono
3131 3923 3258 3996 lib.
3295 3942 3351 3996 1.

1146 4039 1491 4114 Florebat
1524 4062 1715 4114 anno
1752 4059 1933 4116 mx.
1966 4051 2055 4116 ut
2086 4041 2464 4140 Sigeberto
2495 4043 2762 4129 visum,
2815 4043 2934 4115 vel
2981 4063 3175 4116 anno
3207 4055 3488 4114 nxxn.
3537 4048 3627 4114 ut
3663 4037 3852 4112 Boe·

1045 4159 1205 4235 thio
1235 4159 1491 4250 placet.

1935 4391 2011 4464 S.
2064 4389 2676 4466 GLACIANUS.
2777 4387 2950 4464 561.

1042 4639 1089 4676 “
1121 4626 1199 4700 S.
1233 4621 1756 4713 GLACIANUs,
1795 4636 1871 4700 et
1900 4626 2057 4722 ipse
2090 4627 2396 4702 antistes
2443 4625 2800 4723 egregius,
2849 4646 3002 4698 non
3049 4623 3210 4696 sine
3255 4619 3666 4694 sanctitatis
3717 4641 3846 4692 no·

1040 4745 1239 4820 mine
1270 4749 1347 4814 et
1380 4739 1717 4834 opinione
1748 4741 2063 4829 doctor,”
2110 4743 2220 4816 ait
2261 4742 2364 4816 H.
2398 4742 2752 4817 Boethius
2795 4742 2920 4814 lib.
2959 4759 3042 4812 x.
3085 4761 3254 4836 pag.
3293 4754 3514 4810 cxcl.
3621 4733 3844 4810 Hunc

1038 4871 1117 4943 in
1188 4867 1317 4942 SS.
1378 4866 1623 4940 album
1682 4864 1993 4936 relatum
2044 4861 2291 4958 prodit
2339 4860 2750 4944 Fordunus,
2799 4859 2930 4932 sed
2976 4856 3150 4952 quia
3191 4877 3340 4929 non
3389 4863 3502 4926 est
3551 4853 3644 4926 ad
3695 4873 3848 4924 ma-
