4384 5817
1016 506 1105 578 18
1576 566 1585 575 .
1778 506 2248 581 HISTORIA
2293 506 3044 579 ECCLESIASTICA

1026 724 1140 772 me
1215 700 1759 785 chronicarum,
1826 702 2108 796 epilogo
2181 699 2694 783 decimotertio,
2757 698 2994 791 capito
3055 696 3334 769 decimo
3397 706 3672 785 octavo,
3745 710 3818 772 et

1029 817 1290 909 repetit
1324 814 1643 888 Ghinius
1676 818 1791 887 die
1824 817 2097 887 incerto
2128 814 2211 886 in
2243 813 2318 884 Ν
2317 816 2488 886 atel.
2523 811 2652 885 SS.
2689 812 3112 885 Canonicor.
3147 834 3280 885 nec
3309 813 3402 885 de
3429 830 3518 885 co
3549 816 3822 887 mentio

1027 940 1155 1003 aut
1202 933 1281 1002 in
1332 929 1859 1025 Martyrologio
1906 928 2262 1013 Romano,
2311 927 2552 1022 Lydio
2599 928 2870 1000 scilicet
2901 928 3228 1000 omnium
3273 928 3818 1025 hagiologorum

1028 1046 1286 1139 lapide,
1338 1055 1466 1117 aut
1512 1042 1875 1130 Usuardo,
1926 1044 2244 1129 Moluno,
2296 1041 2684 1128 Galesinio,
2727 1040 3038 1126 Uvione,
3071 1040 3314 1127 Petro,
3349 1041 3816 1135 Maurolyco3

1029 1172 1102 1234 et
1132 1160 1301 1231 Ado
1333 1180 1495 1231 cum
1530 1158 1735 1233 Beda
1764 1182 1911 1234 non
1948 1170 2064 1233 est
2104 1160 2197 1232 ad
2239 1180 2556 1231 manum.
2658 1157 2836 1229 Fuit
2866 1178 3088 1249 nepos
3117 1156 3195 1229 S.
3231 1157 3610 1245 Bonifacii,
3645 1156 3818 1231 Ger-

1027 1276 1435 1349 maniarum
1483 1278 1814 1368 apostoli,
1864 1276 2037 1370 quia
2082 1274 2306 1347 frater
2352 1274 2703 1368 praesulis
2741 1280 2820 1345 et
2863 1273 3206 1366 martyris
3247 1272 3700 1355 sanctissimi,
3733 1282 3819 1343 ut

1028 1391 1247 1463 habet
1294 1410 1698 1483 anonymus
1744 1391 1825 1462 in
1875 1390 2028 1463 vita
2072 1390 2234 1483 ejus
2289 1389 2482 1481 apud
2533 1388 2836 1460 Surium
2897 1395 3074 1459 tom.
3129 1404 3242 1459 w.
3303 1408 3472 1483 pag.
3525 1402 3816 1460 Lxxv1.

1028 1504 1243 1589 Quod
1272 1506 1337 1577 si
1366 1505 1821 1601 conjectum
1850 1508 2049 1579 loma
2080 1505 2535 1597 mlinquitur,
2555 1503 2896 1575 existimo
2929 1504 3136 1573 illum
3161 1521 3390 1573 unum
3420 1524 3516 1573 ex
3547 1502 3638 1573 iis
3673 1518 3816 1573 Lu.

1027 1622 1157 1714 qui
1190 1642 1354 1693 cum
1386 1621 1513 1691 illo
1544 1623 1993 1693 sanctissimo
2024 1621 2348 1713 apostolo
2381 1617 2932 1691 Germaniarum
2983 1617 3066 1689 in
3105 1617 3348 1689 Frisis
3387 1619 3819 1710 martyrium

991 1738 1367 1835 perpessi,
1418 1736 1831 1807 nominibus
1853 1728 2103 1828 'paene
2150 1736 2494 1807 hactenus
2543 1742 2954 1817 musrunt,
3003 1743 3080 1805 et
3109 1734 3521 1827 episcopum
3553 1733 3817 1819 vocari,

1030 1874 1177 1923 non
1210 1851 1401 1945 quod
1434 1851 1647 1921 alicui
1680 1851 1831 1923 sedi
1863 1852 2207 1945 illigatus,
2253 1850 2378 1921 sed
2419 1870 2508 1922 eo
2549 1858 2838 1921 tantum
2871 1850 2966 1919 ad
3009 1850 3527 1923 convertendas
3570 1858 3820 1945 gentes

1030 1968 1245 2039 titulo
1277 1967 1585 2039 mma
1612 1966 1737 2049 sit,
1769 1976 1856 2038 ut
1895 1965 1985 2037 de
2024 1988 2110 2037 eo
2150 1986 2330 2037 aevo
2371 1967 2706 2048 solenne;
2757 1963 2884 2035 sed
2927 1962 3282 2036 divinatio
3325 1964 3425 2035 sit
3465 1962 3624 2049 hoc,
3671 1985 3818 2035 non

1031 2081 1353 2155 scientia.

1127 2196 1417 2269 Floruit
1444 2204 1521 2267 et
1550 2212 1804 2287 passus
1834 2202 1949 2266 cst
1974 2212 2147 2265 cum
2178 2192 2255 2265 S.
2291 2192 2668 2265 Bonifacio
2715 2194 3072 2265 avunculo
3113 2214 3304 2265 unm
3347 2202 3646 2265 necLV.
3692 2202 3822 2265 aut

1030 2332 1193 2385 cum
1223 2311 1451 2385 fratre
1482 2310 1673 2383 vixit
1699 2332 1893 2383 anno
1925 2326 2508 2381 Dcccxxxvm.
2613 2306 2738 2379 Tu
2769 2308 2936 2380 vido
2967 2308 3094 2381 lib.
3127 2318 3242 2381 vl.
3273 2308 3470 2381 infra
3497 2306 3640 2381 hic.

1904 2540 1981 2613 S.
2030 2536 2709 2613 ADAMNANUS.
2813 2541 2934 2610 16.

1030 2774 1107 2846 S.
1151 2772 1725 2856 ADAMNANUS,
1783 2772 1901 2843 vir
1956 2772 2470 2855 sanctissimus,
2519 2770 2990 2865 muliano
3049 2769 3156 2844 11.
3205 2771 3360 2866 regi
3419 2770 3816 2858 familiaris,

1028 2890 1155 2983 qui
1206 2886 1411 2959 illum
1455 2886 1789 2982 Eugenio
1834 2886 1967 2959 VI.
2016 2888 2175 2983 regi
2225 2888 2682 2979 postmodum
2725 2888 2876 2959 filio
2913 2910 3050 2959 suo
3085 2888 3480 2959 erudiendo
3527 2908 3818 2982 praepo-
3905 2976 3926 2997 ⁸

1030 3007 1199 3089 suit,
1224 3004 1431 3098 cujus
1467 3012 1513 3045 ‘⁶
1544 3002 1769 3074 ductu
1792 3012 1874 3075 et
1906 3001 2213 3086 tutela,”
2247 3004 2354 3075 uit
2380 3002 2592 3075 Hect-
2619 3003 2878 3075 Boetb.
2905 3003 3030 3076 lib.
3058 3018 3179 3075 11.
3209 3002 3406 3074 Hist.
3433 3002 3624 3075 Scot.
3649 3026 3814 3101 pag.

1030 3136 1381 3193 chxnt.
1430 3127 1476 3159 “
1509 3118 1713 3189 bonis
1755 3118 2079 3191 moribus
2124 3120 2488 3201 educatus,
2529 3118 2622 3189 ad
2657 3117 3032 3191 Scotorum
3065 3120 3394 3211 pervenit
3439 3121 3818 3214 imperium

1028 3234 1333 3307 eximius
1358 3254 1569 3305 verae
1600 3234 1971 3330 religionis
2004 3236 2300 3307 (καὶαπ-ξ’
2380 3232 2804 3305 Amicitiam
2829 3234 3051 3305 etiam
3077 3254 3240 3305 cum
3263 3232 3558 3308 Brudeo
3583 3236 3817 3309 Picto-

1030 3371 1193 3421 rum
1226 3370 1415 3444 rege,
1442 3358 1514 3419 et
1538 3348 1611 3418 S.
1642 3347 2045 3421 cuthberto
2072 3347 2306 3431 Scoto,
2333 3346 2905 3421 Lindisfarnensi
2929 3350 3282 3441 episcopo,
3307 3360 3550 3423 sancte
3571 3354 3814 3425 coluit.

1032 3462 1283 3559 Pergit
1308 3464 1493 3534 idem
1520 3463 1952 3535 historicus:
1994 3472 2039 3506 ‘⁸
2064 3462 2466 3535 Cuthberto
2493 3465 2764 3536 etenim
2797 3474 2870 3535 et
2900 3462 3332 3537 Adamnano
3353 3466 3817 3541 suadentibus

1027 3578 1279 3652 foedus
1310 3579 1440 3649 icit
1470 3590 1633 3649 cum
1668 3576 1743 3647 N
1744 3578 2208 3659 orthumbris,
2245 3586 2323 3649 at
2351 3578 2552 3651 nulla
2581 3580 2860 3651 ratione
2883 3580 3128 3650 induci
3151 3588 3436 3672 poterat
3459 3592 3546 3655 ut
3567 3582 3817 3655 foedus

1028 3716 1193 3767 cum
1242 3692 1468 3765 Pictis
1516 3694 1755 3800 iniret,
1803 3694 1981 3765 adeo
2028 3694 2267 3788 gentis
2311 3714 2574 3765 exosus
2623 3694 3016 3787 perfidiam,
3065 3704 3142 3766 et
3183 3698 3382 3789 qimd
3429 3696 3662 3770 Scotis
3694 3698 3818 3770 ho-

1029 3820 1175 3883 stes
1210 3831 1287 3880 se
1318 3808 1539 3900 impie
1572 3809 2071 3891 ostendissent,
2103 3818 2177 3880 et
2203 3810 2404 3901 quod
2433 3806 2511 3879 N
2509 3810 2952 3883 orthumbris
2985 3811 3064 3882 in
3107 3812 3292 3883 bello
3333 3812 3610 3884 dudum
3653 3836 3818 3887 cum

1028 3925 1261 3999 Sentis
1287 3933 1499 4019 gesto
1530 3943 1787 4016 parum
1832 3937 2238 3996 servassent
2275 3923 2534 4008 iidenu
2587 3946 2838 3995 verum
2881 3946 3158 3999 annuas
3201 3926 3526 3999 inducias
3569 3930 3816 4001 eadem

1028 4056 1190 4113 cum
1223 4054 1439 4135 gente
1470 4039 1789 4133 μερίς-ἥς
1842 4038 2103 4131 quibus
2134 4040 2450 4121 tandem,
2482 4040 2674 4131 quod
2706 4039 3154 4133 frequentius
3187 4061 3333 4113 non
3375 4044 3534 4115 sinc
3573 4044 3816 4119 Scoto-

1029 4177 1197 4227 rum
1244 4154 1695 4226 incommodo
1740 4154 2202 4237 violarentur,
2247 4155 2524 4237 solutiS,
2569 4154 2834 4226 bellum
2877 4178 3009 4249 per
3049 4156 3415 4229 foeciulem
3452 4158 3675 4231 Pictis
3707 4161 3816 4231 in-

1026 4270 1236 4343 dixit.
1287 4267 1569 4339 Annixi
1618 4266 2059 4340 cuthbertus
2108 4278 2183 4340 et
2229 4267 2702 4340 Adamnanus
2751 4271 2924 4342 olim
2969 4273 3588 4367 conjunctissimas
3645 4298 3815 4370 gen-

1024 4395 1133 4459 tes
1192 4385 1271 4456 in
1328 4382 1777 4455 concordiam
1832 4384 2177 4477 redigere,
2234 4384 2428 4455 ultro
2479 4384 2806 4476 citroque
2862 4384 3224 4478 frequenti
3281 4389 3396 4459 usi
3462 4388 3816 4483 legatione

1018 4500 1297 4572 fmstra
1324 4520 1403 4569 se
1434 4518 1589 4569 rem
1619 4506 1931 4570 tentasse
1964 4500 2372 4583 sentientes,
2407 4498 2498 4569 ad
2543 4499 2866 4571 divinam
2913 4521 3122 4592 opem
3166 4523 3551 4588 recurrere,
3598 4506 3814 4576 sacris

1025 4613 1666 4707 supplicationibus
1716 4614 1939 4685 variis
1988 4614 2069 4685 in
2114 4612 2426 4687 Albione
2473 4614 2646 4685 locis
2695 4616 2958 4706 quibus
3007 4616 3148 4707 ipsi
3199 4617 3486 4700 afluere,
3535 4637 3670 4710 pro
3709 4642 3816 4690 re-

1023 4749 1201 4828 gum
1244 4730 1569 4801 omnium
1616 4747 1989 4814 comm,
2028 4728 2263 4801 factis.
2364 4728 2646 4802 Fcrunt
2690 4731 3178 4805 sanctissimos
3222 4732 3588 4825 pontifices
3635 4734 3816 4807 obti-

4318 1484 4323 1641 ——ssi
4321 1464 4323 1471 .
4321 1348 4323 1353 .
4321 1218 4323 1245 —
4315 1108 4324 1143 Δ
4321 1030 4323 1060 -
