4384 5817
1318 504 1677 581 GENTIS
1720 498 2280 589 sco‘romm,
2325 504 2508 577 LIB.
2551 502 2611 575 1.
3275 508 3368 577 iis

563 704 901 777 §teriones
952 698 1407 773 'ficinensem
1456 696 1535 769 in
1584 696 1802 771 Italia
1842 697 2179 783 scholam,
2223 696 2528 794 jubente
2569 696 2818 772 eodem
2861 698 3207 794 principe,
3253 703 3360 774 in·

554 817 981 891 stituerunt.
1072 814 1189 887 Ει
1220 822 1395 885 tunc
1426 814 1774 905 quidem
1750 836 1831 883 m
1860 814 2202 886 universa
2233 812 2536 906 Europa
2567 816 2750 887 duae
2781 814 2972 887 illae
2981 816 3176 889 solae
3207 814 3362 889 fue-

564 941 759 1016 runt,
822 928 1219 1005 incredibili
1286 928 1525 1025 genti-s
1592 936 1881 999 nostrae
1945 930 2580 1015 commendatione,
2650 952 2696 1001 a
2761 927 2994 1003 Scotis
3061 940 3358 1003 erectae.

560 1049 839 1121 Anton.
864 1045 1123 1119 Sabell.
1150 1042 1479 1115 Ennead.
1507 1058 1689 1113 vlu.
1716 1042 1841 1115 lib.
1872 1060 1989 1115 lx.
2018 1045 2096 1115 in
2121 1046 2392 1117 limine.
2449 1044 2802 1117 Historici
2827 1042 3042 1130 Galli,
3065 1055 3139 1117 et
3165 1044 3359 1119 Senti

558 1184 784 1257 paene
816 1182 1083 1234 omnes.
1170 1158 1777 1255 Elegantissime
1754 1180 1833 1230 ιιι
1852 1157 2151 1232 Lutetia
2178 1180 2312 1231 sua
2336 1159 2770 1252 Rudolphus
2795 1159 3146 1233 Botereus
3169 1159 3242 1233 J.
3271 1160 3353 1232 C.

558 1278 941 1351 historicus
1000 1298 1085 1349 ac
1140 1285 1357 1369 poeta
1410 1275 1595 1347 acris
1636 1274 1919 1369 judicii,
1968 1275 2404 1347 limatissimi
2465 1275 2662 1367 styli,
2719 1276 2848 1368 qui
2901 1296 3046 1349 non
3095 1285 3208 1347 est
3263 1278 3354 1347 sd

560 1400 890 1465 manum?
952 1390 1211 1463 Poeta
1240 1390 1465 1474 alius,
1483 1389 1911 1476 Germanus,
1947 1390 2051 1461 sic
2083 1389 2342 1463 habet.

1160 1532 1325 1608 Quid
1350 1552 1467 1595 non
1494 1533 1766 1604 Alcuino,
1791 1532 2044 1595 facunda
2070 1532 2278 1594 Lutati
2257 1554 2334 1603 1‚a
2361 1530 2556 1603 debes,

1163 1628 1495 1690 Instaurare
1519 1628 1697 1689 bonas
1724 1628 1809 1688 ibi
1786 1628 1941 1708 iqui
1966 1628 2222 1689 feliciter
2245 1640 2420 1699 artes,

1159 1722 1607 1803 Barbariemque
1630 1742 1703 1804 pr
1672 1722 1835 1783 rocul
1860 1724 2068 1784 Scotus
2094 1721 2389 1803 depellere
2415 1722 2638 1804 coepit.
2623 1728 2648 1769 ἴ·

554 1856 657 1930 Et
688 1798 1131 1931 Eustachius
1163 1855 1527 1928 Prutenus
1558 1864 1885 1949 poemate
1916 1856 2007 1926 de
2040 1852 2486 1927 Parisiorum
2521 1853 2816 1928 Laude.

1155 2030 1308 2091 Ecce
1331 2049 1513 2090 senex
1538 2048 1639 2109 qui
1620 2028 1775 2089 idam
1806 2027 1993 2089 Scotis
2018 2027 2275 2107 agitatus
2300 2028 2374 2089 ab
2398 2028 2531 2097 oris,

1230 2123 1464 2185 Attulit
1489 2133 1717 2203 optatos
1742 2124 1805 2183 in
1830 2124 1957 2185 loca
1982 2122 2158 2183 Galla
2182 2120 2380 2202 pedes.

1160 2210 1389 2279 Nomen
1414 2218 1607 2279 adhuc
1628 2218 1917 2289 meminit,
1942 2218 2208 2298 quamvis
2233 2216 2467 2287 cariosa,
2493 2226 2774 2288 vetustus,

1228 2313 1521 2375 Alcuinns
1543 2313 1819 2373 meritum
1844 2313 2201 2394 posteritatis
2225 2312 2420 2373 habet.

1154 2408 1320 2483 Quas
1344 2426 1587 2489 posuere
1610 2406 1849 2477 scholas,
1877 2426 2149 2488 superare
2174 2405 2394 2487 palatia
2415 2426 2622 2488 regum

1230 2502 1572 2572 structuris,
1600 2498 1807 2583 spatio,
1834 2502 2182 2591 sumptibus,
2209 2512 2336 2565 arte
2365 2513 2556 2583 putes.

564 2722 573 2731 .
644 2662 871 2741 Errat
935 2664 1431 2757 multipliciter
1492 2661 1865 2737 Arnoldns
1934 2662 2177 2735 Uvion
2243 2662 2370 2735 lib.
2431 2681 2556 2736 111.
2621 2662 2838 2763 Ligu.
2899 2666 3114 2741 Vitae
3153 2689 3335 2767 pag.

546 2799 949 2859 Dcecxnl.
984 2781 1111 2874 qui
1146 2800 1307 2851 cum
1342 2778 1737 2852 Alcuinum
1770 2779 1955 2851 falso
1987 2776 2316 2875 Anglum
2351 2778 2656 2867 fecisset,
2687 2785 2975 2881 cogitur
2997 2792 3240 2857 temen
3265 2789 3342 2856 vi

544 2898 875 2976 veritatis
922 2894 1017 2967 D.
1068 2892 1119 2965 J
1120 2904 1425 2967 oannem
1472 2892 1767 2967 Scotum
1812 2897 2217 2978 diaconum,
2263 2903 2339 2968 et
2383 2896 2770 2984 doctorem,
2815 2922 2900 2971 ac
2941 2900 3342 2973 academiae

542 3014 973 3088 Parisiensis
996 3012 1453 3083 fundatorem
1478 3013 1855 3103 appellare,
1886 3011 2021 3095 vel,
2047 3020 2134 3082 ut
2158 3011 2280 3082 alii
2307 3011 2594 3097 habent,
2618 3011 3014 3109 Papiensis,
3033 3036 3340 3107 eumque

538 3150 705 3207 eum
738 3128 1105 3201 Clemente
1136 3146 1229 3200 ex
1272 3126 1517 3199 Scotia
1560 3127 1861 3199 venisse.
1964 3124 2246 3198 Deinde
2291 3128 2590 3221 gravior
2637 3132 2903 3224 lapsus,
2953 3130 3129 3201 dum
3176 3152 3340 3203 con-

538 3244 788 3319 fundit
816 3244 1011 3315 hunc
1040 3240 1091 3313 J
1092 3264 1399 3314 oannem
1434 3264 1597 3315 cum
1630 3240 1955 3338 Erigena
1986 3242 2243 3315 abbate
2255 3240 2754 3331 ‘vercellensi3
2808 3267 2990 3339 quos
3015 3246 3335 3318 diversos

538 3384 715 3445 esse,
746 3360 975 3431 disces
1008 3380 1099 3431 ex
1129 3359 1223 3429 iis
1254 3380 1441 3452 qnae
1471 3358 1748 3449 scripsi.

634 3474 715 3547 N
714 3500 793 3547 ec
822 3476 1063 3547 minor
1092 3478 1337 3566 lapsus
1372 3472 1628 3545 Heliae
1661 3472 2014 3558 Putschii,
2052 3473 2179 3565 qui
2225 3422 2517 3567 putavit
2558 3472 2910 3547 Albinum
2955 3476 3254 3547 citatum
3287 3500 3335 3547 a

540 3592 911 3665 Prisciano
942 3591 1067 3664 lib.
1099 3605 1247 3663 vn.
1273 3612 1363 3662 ex
1386 3590 1511 3661 lib.
1542 3608 1595 3661 1.
1630 3588 1905 3661 Rerum
1938 3588 2328 3661 Romanar.
2359 3612 2512 3661 esse
2535 3588 2930 3662 Alcuinum
2951 3598 3324 3675 nostrum3

538 3708 745 3803 cujus
785 3726 1039 3779 versus
1078 3707 1311 3779 lenior
1348 3715 1458 3777 est
1488 3726 1707 3797 quam
1738 3713 1825 3775 ut
1856 3726 1903 3774 a
1933 3712 2183 3777 nostro
2215 3704 2334 3789 sit,
2383 3714 2470 3776 ut
2509 3704 2844 3777 omittam
2878 3702 3329 3777 Priscianum

538 3823 869 3895 Alcnino·
882 3822 1135 3895 multis
1166 3822 1421 3894 seculis
1453 3821 1791 3913 priorem.
1890 3816 2165 3891 Versus
2199 3828 2370 3891 sunt
2401 3819 2567 3891 isti:

1144 3966 1257 4027 Ille
1281 3966 1376 4027 cui
1400 3964 1585 4027 ternis
1612 3962 1899 4045 Capitolia
1924 3962 2077 4024 celsa
2102 3962 2433 4044 triumphis.

1138 4062 1361 4142 Sponte
1386 4062 1581 4121 Deum
1608 4071 1871 4140 patuere,
1896 4059 1993 4120 cni
2018 4060 2171 4121 freta
2195 4058 2360 4121 nulla
2383 4068 2656 4139 repostos·

1094 4210 1097 4213 ,
1136 4154 1507 4217 Abscondere
1531 4156 1713 4225 sinus,
1740 4175 1859 4216 non
1883 4165 2051 4216 tutae
2075 4155 2375 4217 moenibus
2401 4154 2590 4217 urbes·

570 4306 597 4367 ῃ
634 4288 741 4362 Ut
770 4310 918 4361 non
950 4286 1191 4381 potuit
1220 4286 1499 4359 laudari
1532 4310 1577 4358 a
1610 4285 2004 4372 Prisciano,
2037 4289 2143 4359 ita
2170 4310 2220 4359 a
2253 4287 2580 4359 Maximo
2611 4284 2986 4360 Victorino
3017 4290 3322 4363 citatum

528 4408 701 4501 jure·
710 4404 1079 4489 existim03
1106 4404 1227 4475 ille
1250 4404 1439 4475 enim
1467 4404 1547 4475 in
1570 4403 1695 4477 lib.
1724 4403 1814 4474 de
1838 4402 2176 4475 Carmine
2203 4402 2512 4475 Hernico
2531 4404 2638 4474 ita
2655 4402 2913 4476 habet:
2943 4411 2987 4445 ‘⁸
3005 4402 3342 4479 Albinus.

538 4524 615 4592 in
644 4520 831 4593 libro
859 4543 1075 4613 quem
1108 4520 1197 4593 de
1226 4520 1477 4591 metris
1510 4520 1822 4611 scripsit,
1856 4519 2007 4591 sici

1136 4631 1333 4695 Vilem
1356 4632 1647 4713 spondaeo
1670 4641 1861 4692 totum
1886 4630 2228 4709 concludere
2253 4630 2534 4693 versum-’⁹

571 4809 599 4821 ..
618 4747 735 4843 Et
764 4747 1015 4843 Scotos
1046 4749 1335 4843 quidem
1382 4770 1527 4821 non
1570 4744 1855 4844 Anglos
1892 4748 2125 4832 fuisse
2174 4746 2535 4821 affirmant
2563 4756 2996 4847 constanter,
3033 4754 3314 4839 praeter
