4384 5817
1283 539 1640 608 GENTIS
1685 538 2247 621 SCOTORUM,
2294 539 2479 608 LIB.
2528 539 2649 608 IV.
3247 542 3379 609 229

573 753 712 804 nus
771 742 979 815 esset,
1039 731 1215 824 quia
1273 731 1624 822 scriptum
1685 735 1774 804 de
1829 732 2186 826 legatione
2250 753 2383 803 sua
2430 730 2776 824 Byzantii
2824 731 3199 814 exaravit3
3252 732 3373 802 de-

571 849 796 939 nique
864 845 1198 920 Pitsaeus
1271 847 1562 942 Anglus
1636 847 2064 918 Austrasius
2138 857 2348 931 esset,
2424 855 2497 918 et
2570 849 3009 938 praeclaram
3084 855 3373 942 gentem

573 970 906 1034 oneraret
953 962 1278 1046 infamia,
1328 963 1502 1057 quia
1551 963 1950 1034 Liverduni
2001 963 2274 1035 scribit.
2375 961 2499 1033 Ad
2544 964 2741 1046 haec,
2798 965 3122 1034 omnium
3174 983 3372 1033 secu-

569 1080 808 1149 lorum
875 1087 950 1148 et
1016 1079 1344 1174 gentium
1411 1079 1878 1171 virorumque
1943 1079 2392 1151 eruditorum
2458 1100 2843 1151 consensus
2910 1078 3205 1150 Scotum
3270 1078 3370 1147 fe-

567 1215 770 1278 cere3
823 1194 1230 1287 aliquorum
1277 1215 1633 1288 apponam
1683 1195 2070 1266 celebriora
2117 1196 2555 1267 testimonia.
2657 1194 2831 1265 Dux
2866 1196 3005 1267 erit
3048 1196 3369 1290 ejusdem

567 1309 842 1382 ordinis
893 1309 1156 1382 Petrus
1207 1308 1661 1402 Cratepolius
1710 1331 1876 1406 pag.
1915 1329 2084 1384 xcl.
2139 1321 2185 1353 ‘⁶
2215 1309 2268 1382 J
2268 1335 2535 1383 oannes
2582 1310 2818 1396 Duas,
2862 1313 3155 1383 natione
3204 1309 3371 1380 Sco-

566 1433 710 1508 tus,
745 1425 834 1496 de
867 1427 1118 1498 ordine
1151 1425 1228 1496 S.
1263 1425 1651 1511 Francisci,
1685 1429 1803 1499 vir
1837 1428 2369 1499 eruditissimus
2401 1428 2482 1499 in
2514 1428 2782 1498 divinis
2814 1427 3066 1510 literis,
3102 1435 3175 1498 et
3210 1426 3371 1518 phi-

565 1540 908 1633 losophus
957 1542 1437 1626 doctissimus,
1491 1543 1950 1615 acutissimus
2007 1543 2307 1640 ingenii,
2368 1550 2444 1614 et
2494 1545 2669 1615 adeo
2718 1543 3141 1636 profunduS‚
3191 1551 3277 1612 ut-
3327 1564 3371 1610 a

565 1657 814 1748 paucis
849 1658 1120 1750 scripta
1153 1658 1310 1751 ejus
1344 1659 1494 1729 sint
1523 1659 2059 1751 penetrabilia.”
2158 1658 2235 1729 N
2236 1659 2393 1730 icol.
2428 1658 2479 1729 J
2480 1661 2816 1731 ansenius
2849 1657 3370 1729 Dominicanus

563 1791 720 1864 cap.
781 1789 962 1845 VIII.
1023 1773 1104 1844 in
1155 1773 1592 1869 Apologiam
1651 1773 1988 1870 Hugonis
2055 1773 2331 1846 Cavelli
2404 1773 2737 1846 Hiberni.
2810 1771 3111 1869 Gregor.
3184 1773 3370 1844 Ruis

563 1895 734 1959 ante
789 1885 1192 1960 comment.
1256 1889 1454 1962 Scoti
1512 1889 1592 1960 in
1653 1908 1764 1961 lv,
1827 1889 2116 1961 Senten.
2182 1891 2435 1962 Simon
2493 1891 2811 1962 Maiolus
2866 1889 3193 1983 Colloqu.
3256 1909 3367 1962 lv·

561 2001 990 2098 Zuingerus.
1061 2003 1336 2077 Libert.
1407 2003 1810 2077 Fromondt
1875 2005 2353 2078 Lovaniensis
2421 2007 2503 2078 in
2564 2005 2948 2078 Thesibus.
3022 2005 3095 2076 N
3096 2008 3369 2078 icolaus

561 2116 996 2192 Vernuleius
1031 2119 1440 2212 Triumpho
1471 2120 1912 2212 Assumptae
1945 2119 2298 2216 Virginis.
2396 2121 2593 2204 Quid
2636 2125 2847 2214 plura
2871 2122 2906 2192 Ρ
2958 2143 3191 2212 nuper
3222 2123 3369 2192 edi-

559 2243 639 2304 to
691 2255 904 2326 opere
954 2235 1256 2329 probavi
1308 2255 1459 2308 xn.
1525 2236 1928 2307 rationibus
1985 2259 2150 2306 eum
2210 2237 2503 2310 Scotum
2554 2237 2799 2319 fuisse,
2850 2259 2981 2308 nec
3035 2237 3369 2308 Cavellus

565 2350 960 2441 respondit,
1017 2373 1152 2422 nec
1216 2353 1648 2444 respondere
1705 2345 1994 2443 potest.⁴
2037 2352 2300 2424 Petrus
2367 2352 2791 2444 Rodolphus
2862 2353 3371 2425 Tossinianen-

563 2466 664 2536 sis
697 2475 872 2538 tom.
911 2487 1036 2539 111.
1073 2467 1436 2562 Religion.
1473 2467 1770 2560 Seraph.
1805 2468 1934 2560 qui
1969 2468 2235 2540 diserte
2286 2477 2332 2512 ‘⁶
2364 2470 2457 2540 ad
2508 2468 2981 2562 Calydonium
3032 2469 3368 2563 Sylvam'’

561 2587 816 2652 natum
879 2585 1010 2668 ait,
1077 2583 1304 2654 refert
1373 2593 1618 2655 tamen
1693 2583 1946 2656 Balaei
2012 2585 2621 2677 impudentissimi
2702 2593 2778 2654 et
2840 2585 3371 2656 mendacissimi

563 2697 839 2770 deliria.
939 2698 992 2767 J
992 2719 1256 2770 oannes
1315 2699 1404 2770 de
1464 2698 1790 2794 Ragusio
1846 2699 2367 2774 Dominicanus
2425 2702 2783 2774 laboriosa
2816 2691 2964 2774 ⁸illa
3023 2702 3371 2774 Oratione

563 2810 812 2886 habita
877 2814 959 2885 in
1023 2815 1327 2886 concilio
1394 2798 1782 2885 Basilien'si
1848 2817 1938 2886 de
2004 2817 2529 2890 Communione
2586 2817 2724 2889 sub
2778 2827 3087 2912 utraque
3138 2819 3371 2910 specie

557 2947 726 3022 pag.
763 2947 939 3000 0111.
979 2939 1024 2972 ‘⁶
1057 2929 1337 3013 Scotus,
1365 2929 1491 3022 qui
1519 2951 1694 3021 prae
1717 2932 2102 3004 altitudine
2135 2943 2211 3004 et
2242 2932 2645 3006 subtilitate
2677 2935 3044 3006 doctrinae
3070 2944 3367 3006 antono-

559 3046 858 3117 mastice
891 3067 1154 3117 nomen
1187 3043 1524 3118 Doctoris
1559 3044 1863 3120 Subtilis
1897 3049 1975 3119 in
2001 3048 2264 3120 scholis
2290 3041 2670 3121 obtinuit?
2736 3048 2786 3117 J
2788 3071 3051 3120 oannes
3081 3049 3368 3120 Trithe-

560 3159 752 3230 mius
784 3161 910 3232 lib.
946 3161 1554 3254 deScriptoribus
1591 3159 2114 3236 Ecclesiasticis
2157 3185 2322 3260 pag.
2357 3182 2637 3236 eccm.
2690 3173 2736 3206 “
2768 3163 3082 3236 Joannes
3132 3163 3365 3246 Duns,

561 3276 856 3348 natione
891 3275 1172 3362 Scotus,
1207 3276 1510 3348 Parisiis
1543 3278 1886 3350 studuit.”
1985 3276 2146 3350 Ael.
2196 3278 2609 3382 Reusnerus
2644 3281 2723 3350 in
2755 3280 3001 3350 Indice
3047 3279 3371 3351 Chrono-

557 3392 838 3487 logico:
875 3401 925 3436 ‘⁶
950 3390 1002 3463 J
1003 3415 1163 3465 can.
1191 3391 1402 3464 Duns
1429 3391 1971 3478 Franciscanus‚
2006 3404 2221 3489 gente
2246 3393 2526 3480 Scotus,
2561 3393 2836 3467 Doctor
2866 3397 3101 3467 dictus
3128 3395 3371 3466 Subti-

558 3509 673 3590 lis,
731 3507 976 3593 obiit,''
1027 3505 1161 3580 διο.
1289 3507 1573 3580 Auctor
1630 3506 2120 3581 Bibliothecae
2187 3510 2545 3583 classicae
2608 3513 2875 3606 pagina
2942 3525 3365 3604 chXXXV.

560 3632 607 3665 ‘⁶
640 3622 690 3691 J
691 3645 956 3695 oannes
989 3623 1224 3711 Dans,
1263 3648 1309 3696 a
1351 3625 1592 3717 patria
1637 3623 1831 3696 Scoti
1867 3647 2131 3697 nomen
2163 3627 2561 3698 obtinens.'’
2660 3626 2937 3698 Anton.
2992 3625 3365 3697 Possevin.

560 3736 838 3831 Appar.
876 3739 1072 3812 Sacr.
1109 3749 1285 3812 tom.
1325 3758 1377 3811 1.
1413 3761 1579 3834 pag.
1607 3757 1896 3812 chlx.
1951 3751 1996 3783 ‘⁶
2028 3742 2078 3811 J
2079 3765 2347 3814 oannes
2378 3753 2853 3837 cognomento
2884 3743 3117 3824 Duns,
3154 3751 3368 3812 natus

555 3855 636 3924 in
667 3855 1010 3928 ulteriore
1047 3857 1430 3928 Britannia
1471 3857 1566 3926 ad
1610 3853 2082 3949 Calydoniam
2122 3857 2445 3952 Sylvam,
2495 3881 2541 3928 a
2584 3862 2824 3952 patria
2864 3859 3059 3929 Scoti
3106 3865 3368 3929 nomen

559 3971 640 4041 in
673 3971 934 4044 scholis
968 3974 1352 4044 obtinuit.”
1402 3971 1452 4040 J
1454 3994 1612 4043 oan.
1639 3970 1989 4043 Aventin.
2015 3973 2139 4045 lib.
2169 3992 2279 4044 v1.
2306 3973 2575 4045 Annal.
2603 3974 2957 4045 Boiarior.
3030 3983 3077 4016 ‘⁶
3100 3971 3219 4045 Eo
3242 3996 3369 4044 au-

557 4094 714 4158 tore
738 4088 882 4160 duo
903 4087 1548 4182 Peripateticorum
1573 4085 2202 4160 Aristotelicorum
2229 4112 2493 4185 genera
2516 4112 2668 4161 esse
2688 4083 3111 4181 coeperunt3
3139 4111 3369 4160 unum

558 4203 739 4274 illud
778 4196 1012 4289 vetus,
1051 4206 1363 4295 locuples
1399 4205 1474 4273 in
1509 4203 1722 4272 rebus
1755 4208 2235 4293 procreandis,
2272 4207 2468 4298 quod
2514 4207 2887 4276 scientiam
2932 4206 3071 4278 sibi
3122 4229 3367 4278 rerum

557 4319 914 4402 vendicat,
965 4319 1428 4412 quamobrem
1481 4317 1738 4389 Reales
1781 4328 2180 4404 vocantur3
2232 4339 2505 4392 novum
2556 4321 2751 4413 quod
2801 4343 2959 4392 eam
3006 4321 3369 4404 distrahit,

559 4431 981 4506 Nominales
1015 4436 1176 4505 ideo
1209 4433 1631 4525 nuncupati,
1667 4435 1860 4525 quod
1893 4437 2096 4505 avari
2127 4457 2395 4518 rerum,
2430 4435 2717 4531 prodigi
2742 4439 3119 4507 nominum
3152 4447 3369 4528 atque

559 4549 965 4634 notionum,
1001 4550 1386 4621 verborum
1421 4549 1764 4619 videntur
1793 4571 1948 4619 esse
1982 4560 2393 4622 assertores.
2496 4551 2585 4621 In
2618 4553 2813 4623 hisce
2846 4553 3125 4622 duobus
3159 4573 3371 4648 gene-

555 4663 759 4735 ribus
793 4665 1174 4736 dissidium
1210 4673 1282 4734 et
1318 4665 1584 4735 bellum
1631 4665 1839 4735 civile
1883 4676 2014 4737 est.
2119 4664 2327 4737 Illius
2374 4666 2694 4738 Thomas
2735 4666 3067 4761 Aquinas
3114 4666 3368 4751 ItaluS,

559 4789 632 4848 et
680 4776 729 4847 J
731 4802 996 4852 oannes
1044 4778 1257 4850 Duns
1307 4777 1586 4862 Scotus,
1640 4777 1863 4874 hujus
1913 4779 2349 4854 Wilhelmus
2396 4781 2853 4854 Occamensis
2886 4782 3198 4878 Anglus,
3242 4805 3369 4853 an-
