4384 5817
1073 525 1204 588 228
1845 523 2312 593 HISTORIA
2356 523 3109 592 ECCLESIASTICA

1079 719 1290 809 logus
1323 713 1436 786 sui
1471 711 1813 805 temporis
1847 714 2355 812 argutissimus
2390 724 2463 787 et
2496 715 3231 799 scholasticissimus?
3256 712 3385 786 Sco.
3475 714 3665 787 Vide
3688 741 3869 810 quae

1079 842 1500 923 sequuntur.

1178 945 1332 1016 Nec
1365 947 1602 1017 minor
1635 946 1724 1016 de
1763 954 1968 1017 tanto
2015 947 2174 1018 viro
2220 947 2673 1029 concertatio,
2724 968 2941 1038 quam
2990 946 3083 1017 de
3126 945 3431 1020 Homeri
3462 949 3864 1032 natalibus3

1079 1085 1245 1132 nam
1269 1062 1474 1131 illum
1497 1061 1869 1133 vindicant
1892 1061 2223 1145 Hiberni,
2248 1063 2443 1155 quod
2466 1060 2675 1133 Duns
2700 1069 3061 1134 contracte
3080 1085 3215 1154 pro
3234 1062 3567 1136 Dunensi
3594 1079 3869 1140 vocare*

1076 1190 1220 1260 tur,
1255 1199 1388 1248 nec
1421 1187 1664 1248 tamen
1690 1179 1919 1248 ullum
1956 1177 2269 1248 codicem
2302 1177 2706 1268 producunt
2738 1177 2817 1248 in
2848 1199 2995 1270 quo
3024 1181 3419 1250 contractio
3452 1181 3581 1250 illa
3611 1182 3865 1272 reperi-

1073 1303 1274 1364 retur
1313 1313 1331 1363 :
1383 1294 1457 1362 id
1492 1293 1738 1385 itaque
1771 1291 2138 1374 frivolum,
2172 1293 2367 1386 quod
2400 1291 2667 1362 dicitur
2690 1301 2999 1375 tautum,
3045 1314 3192 1364 non
3236 1294 3455 1365 etiam
3498 1296 3860 1386 probatur.

1072 1409 1300 1504 Angli
1335 1410 1566 1480 civem
1599 1431 1815 1478 suum
1848 1408 2124 1479 faciunt
2169 1407 2362 1502 quod
2408 1407 2735 1478 Oxoniae
2776 1409 3165 1500 scripserit,
3210 1418 3284 1481 et
3330 1411 3865 1484 commentarios

1073 1547 1241 1594 suos
1275 1519 1648 1618 Scriptum
1687 1517 2102 1594 Oxoniense
2130 1523 2541 1595 vocaverit:
2592 1525 2957 1613 praeclaro
2988 1545 3159 1594 sane
3190 1535 3642 1619 argumento,
3666 1527 3863 1618 quasi

1071 1639 1631 1720 concluderetur,
1681 1636 1938 1709 Cicero
1967 1637 2289 1730 Arpinas
2324 1637 2599 1710 Romae
2632 1638 2941 1730 scripsit,
2974 1638 3227 1710 Cicero
3275 1641 3504 1734 igitur
3550 1641 3866 1733 Arpinas

1068 1756 1214 1828 fuit
1249 1755 1668 1838 Romanus3
1721 1755 1916 1847 qnod
1951 1776 2171 1845 quam
2206 1755 2589 1826 ridiculum
2619 1755 2741 1836 sit,
2774 1755 2967 1826 docti
3002 1755 3342 1827 viderint.
3442 1755 3725 1830 Deinde
3766 1779 3866 1829 re-

1069 1872 1368 1967 ligiosae
1400 1869 1720 1940 familiae
1751 1893 1916 1942 cum
1951 1880 2283 1943 constent
2318 1893 2409 1942 ex
2432 1871 2737 1941 diversis
2770 1869 3133 1966 gentibus,
3164 1871 3437 1944 nullius
3470 1873 3863 1944 academiae

1065 1987 1210 2082 legi
1277 1993 1450 2058 sunt
1515 1986 1898 2069 astrictae3
1970 1995 2046 2058 ct
2097 1987 2429 2058 videmus
2484 1983 2855 2058 Bononiae
2910 1987 2992 2056 in
3046 1984 3263 2058 Italia
3314 1988 3667 2079 quosdam
3726 2010 3861 2058 mo·

1068 2103 1334 2199 nachos
1403 2123 1553 2172 non
1595 2101 2110 2178 ,Bononienses
2177 2102 2459 2194 publice
2524 2101 2867 2192 profiteri,
2939 2123 3102 2173 cum
3182 2111 3429 2174 tamen
3511 2105 3863 2200 peregrini

1067 2240 1314 2290 omnes
1373 2241 1422 2288 a
1479 2215 1922 2309 professione
1971 2227 2371 2301 arceantur,
2422 2218 2565 2289 nisi
2616 2217 2983 2301 eminenti,
3032 2224 3119 2288 ut
3168 2230 3451 2303 vocant,
3502 2221 3661 2290 loco
3710 2241 3863 2292 con-

1065 2336 1286 2405 ducti.
1417 2332 1660 2427 Igitur
1715 2333 1780 2405 si
1830 2330 1883 2403 J
1883 2355 2150 2406 oannes
2202 2333 2413 2404 Duns
2472 2333 2995 2405 Franciscanus
3052 2335 3133 2406 in
3182 2335 3545 2406 academia
3596 2335 3863 2406 Oxoui-

1067 2452 1220 2520 ensi
1254 2451 1577 2523 docuerit
1609 2459 1738 2522 aut
1769 2451 2161 2542 scripserit,
2208 2472 2355 2521 non
2396 2459 2479 2521 ut
2520 2449 2832 2542 Anglus,
2880 2450 3007 2520 sed
3052 2461 3139 2521 ut
3182 2449 3551 2542 Seraphici
3596 2451 3863 2522 ordinis

1065 2567 1322 2648 socius,
1355 2567 1682 2637 docuisse
1713 2576 1786 2637 et
1821 2567 2188 2657 scripsisse
2220 2565 2615 2638 censendus
2646 2573 2781 2637 est.
2864 2564 3065 2638 Mira
3095 2566 3215 2636 hic
3244 2567 3533 2640 inscitia
3561 2566 3615 2638 J
3614 2569 3861 2638 oannis

1063 2681 1356 2764 Pitsaei,
1415 2682 1886 2775 ignavissimo
1923 2691 2219 2774 stupore
2256 2683 2575 2775 seipsum
2624 2683 3053 2773 superantis,
3106 2692 3178 2753 et
3228 2704 3378 2753 non
3418 2693 3531 2754 est
3562 2684 3751 2755 tanti
3782 2687 3883 2754 ut

1063 2797 1284 2868 verba
1349 2798 1522 2890 poni
1589 2808 1720 2868 aut
1785 2798 2125 2893 redargui
2191 2809 2655 2881 mercantum
2726 2797 2864 2868 hoc
2934 2805 3221 2869 tantum
3286 2799 3515 2872 discat
3586 2808 3861 2890 aposta-

1063 2923 1180 2983 tae
1213 2911 1463 2984 Balaei
1497 2913 1880 3004 impudens
1915 2921 1989 2985 et
2033 2913 2627 2986 mendacissimus
2674 2915 3171 3006 transcriptor,
3205 2935 3354 2984 non
3388 2937 3635 2986 omnes
3673 2914 3859 2985 Oxo·

1060 3028 1344 3100 nienses
1393 3029 1676 3124 Anglos
1727 3049 1924 3101 esset
1995 3029 2351 3122 siquidem
2404 3051 2495 3100 ex
2552 3032 2837 3102 decreto
2898 3027 2973 3100 S.
3027 3029 3125 3100 D.
3176 3029 3275 3100 N.
3328 3029 3721 3102 Clementis
3769 3029 3853 3102 V.

1059 3155 1145 3214 ut
1213 3167 1304 3215 ex
1379 3145 1560 3216 actis
1621 3146 1903 3216 concilii
1971 3145 2402 3217 Viennensis
2468 3153 2690 3238 patet,
2758 3152 2833 3216 et
2898 3145 3185 3218 disertis
3252 3145 3491 3218 verbis
3558 3146 3857 3218 habetur

1061 3259 1552 3332 clementinae
1601 3261 1690 3330 de
1738 3260 2120 3356 Magistris
2173 3261 2306 3334 lib.
2364 3278 2443 3331 v.
2500 3261 2791 3334 Oxonia
2844 3261 3133 3354 publica
3180 3271 3292 3334 est
3340 3269 3417 3334 et
3464 3263 3855 3334 communis

1059 3377 1495 3447 universitas
1553 3375 1788 3448 tribus
1841 3377 2087 3471 regnis
2137 3374 2477 3472 Angliae,
2526 3377 2828 3461 Scotiae,
2880 3387 2955 3448 et
3008 3377 3451 3462 Hiberniae3
3510 3378 3855 3470 quinimo,

1057 3493 1252 3582 quod
1301 3493 1626 3586 amplius·
1665 3501 1796 3575 est,
1855 3514 1984 3563 rex
2035 3491 2315 3564 Scotiae
2378 3493 2757 3564 tenebatur
2812 3493 2907 3564 ad
2964 3495 3449 3586 provisionem
3506 3493 3855 3585 professo-

1055 3609 1256 3679 ribus
1315 3608 1548 3679 Scotis
1614 3609 1694 3679 in
1759 3609 2122 3680 academia
2189 3607 2585 3680 oxoniensi
2650 3609 3177 3699 praestandam,
3244 3631 3339 3680 ex
3402 3617 3611 3680 textu
3668 3609 3855 3678 claro

1054 3726 1286 3795 dictae
1333 3723 1846 3794 clementinae.
1949 3725 2160 3824 Quod
2206 3725 2271 3794 si
2321 3745 2575 3794 verum
2624 3733 2755 3807 est,
2804 3731 2892 3795 ut
2941 3723 3397 3794 verissimum
3446 3745 3601 3796 esse
3648 3745 3855 3794 nemo

1057 3839 1364 3924 dubitat,
1417 3863 1462 3910 a
1509 3838 1706 3910 futili
1755 3841 1882 3910 illo
1931 3851 2361 3935 argumento
2410 3840 2743 3910 desinant
2792 3839 3123 3930 deinceps
3174 3835 3429 3933 Angli,
3478 3848 3553 3909 et
3602 3861 3651 3909 a
3692 3838 3855 3910 Sco-

1059 3967 1134 4023 to
1197 3956 1435 4026 doceri
1501 3955 1972 4045 antiquitates
2039 3977 2209 4026 suas
2274 3955 2599 4026 lubentes
2664 3952 3053 4036 fateantur,
3114 3963 3189 4024 et
3260 3955 3535 4049 gratias
3614 3963 3851 4048 agant.

1055 4069 1386 4162 Denique
1429 4071 1671 4162 potuit
1719 4070 1982 4144 titulus
2031 4071 2154 4141 ille
2202 4071 2500 4143 alterius
2550 4093 2773 4142 manu
2820 4071 3012 4154 addi,
3062 4079 3137 4141 et
3184 4071 3507 4141 levitatis
3554 4079 3651 4154 te,
3704 4069 3853 4140 Pit-

1055 4207 1236 4266 saee,
1295 4185 1614 4276 pudebit,
1670 4187 1733 4258 si
1785 4187 2184 4278 perpendas
2234 4209 2453 4279 quam
2500 4187 2885 4256 ridiculum
2930 4193 3438 4280 argumentum
3488 4185 3684 4257 docti
3731 4185 3851 4256 ha-

1054 4299 1290 4383 beant,
1341 4323 1386 4372 a
1427 4301 1838 4392 scriptionis
1887 4303 2042 4374 loco
2079 4302 2575 4372 necessitatem
2626 4301 2893 4372 inferre
2942 4301 3299 4384 nationis3
3354 4301 3459 4372 sic
3500 4302 3698 4372 enim
3736 4301 3849 4370 fie-

1053 4425 1166 4486 ret
1207 4425 1294 4488 ut
1337 4417 1429 4489 D.
1473 4415 1936 4512 Augustinus
1985 4418 2172 4488 Afer
2218 4417 2605 4488 haberetur
2648 4416 2903 4501 Italus,
2950 4417 3123 4509 quia
3156 4417 3375 4486 libros
3408 4417 3498 4487 de
3532 4415 3850 4488 Trinita-

1049 4543 1122 4603 te
1171 4533 1266 4604 ad
1302 4517 1620 4604 ‘Portum
1684 4531 1986 4627 Trajani
2034 4533 2190 4602 sive
2238 4514 2489 4603 urbem
2542 4542 2855 4632 veterem
2904 4533 3241 4623 scripsit3
3302 4541 3375 4602 et
3424 4530 3847 4603 Remnndus

1051 4649 1336 4721 Lullius
1396 4648 1706 4720 Pisanus
1765 4655 1952 4720 esset
2003 4647 2548 4743 adjudicandus,
2617 4649 2795 4741 quia
2848 4645 3113 4718 Artem
3178 4669 3383 4718 suam
3438 4647 3845 4718 Mirabilem

1047 4763 1238 4836 Pisis
1305 4765 1764 4858 compilavit3
1833 4773 1910 4836 et
1975 4754 2285 4860 magnus
2350 4761 2523 4833 felix
2592 4761 2974 4836 Ennodius
3035 4761 3441 4836 Ticiuensis
3498 4761 3845 4855 Byzanti-
