4384 5817
1250 543 1713 614 HISTORIA
1760 542 2532 612 ECCLESIASTICA.
3141 543 3268 612 129

476 739 1021 820 venerebuntur,
1064 737 1273 828 cujus
1316 733 1649 806 sedulius
1682 742 1895 828 poeta
1926 733 2360 806 mentionem
2403 733 2580 805 facit
2619 733 2698 803 in
2750 731 3076 802 paschali
3121 753 3266 800 me-

478 855 661 927 trico
694 853 1031 936 carmine,
1066 852 1170 922 ita
1201 851 1464 934 dicens,

1076 980 1227 1038 Cum
1254 997 1360 1038 sus
1384 977 1635 1058 gentiles
1660 933 1936 1038 studeant
1961 975 2240 1055 figmenta
2265 985 2470 1055 poetae

1079 1073 1458 1134 Grandisonis
1482 1091 1753 1154 pompare
1779 1071 2018 1142 modis,”
2046 1073 2151 1130 &c-

580 1207 991 1279 Matthaeus
1022 1204 1813 1277 westmonasteriensis
1846 1205 1925 1274 in
1959 1201 2155 1273 Flor.
2205 1197 2595 1272 Historiar.
2639 1221 2829 1271 anno
2865 1217 3263 1270 DCCLVIII.

480 1333 526 1364 “
562 1322 781 1393 Hunc
814 1320 1073 1392 Getam
1106 1321 1381 1391 dudum
1432 1319 1708 1414 Pagani
1745 1317 2291 1399 venerabantur,
2339 1317 2544 1410 cujus
2578 1315 2912 1386 Sedulius
2945 1328 3157 1407 poeta
3187 1316 3266 1383 in

482 1437 811 1508 Paschali
836 1436 1149 1506 carmine
1174 1435 1609 1506 mentionem
1633 1433 1900 1504 faciens
1927 1435 2034 1504 ita
2056 1453 2352 1502 exorsus
2379 1440 2489 1502 est
2511 1432 2575 1514 ;”
2602 1441 2676 1502 et
2699 1431 3003 1502 eundem
3029 1431 3264 1500 locum

478 1552 759 1643 repetit.
866 1549 1269 1622 Venantius
1321 1549 1791 1630 Fortunatus,
1836 1547 2212 1639 presbyter
2259 1543 2513 1627 Italus,
2565 1553 2639 1615 et
2684 1544 3068 1616 Pictonum
3117 1544 3264 1636 epi-

482 1689 762 1758 scopus,
784 1687 953 1737 eum
976 1664 1113 1736 sibi
1134 1664 1577 1756 sequendum
1604 1662 1963 1756 proponit,
1996 1661 2139 1731 nisi
2169 1661 2366 1752 quod
2399 1661 2487 1731 de
2521 1661 2961 1752 assequenda
2995 1661 3264 1756 ingenii

480 1783 637 1874 ejus
670 1790 745 1852 et
776 1802 999 1855 venae
1030 1778 1355 1849 ubertate
1388 1779 1713 1871 desperet
1742 1797 1763 1861 ;
1810 1777 1917 1847 ita
1948 1776 2139 1846 enim
2175 1775 2298 1846 lib.
2336 1792 2517 1845 v111.
2553 1796 2754 1846 num.
2793 1793 2845 1846 1.

1080 1923 1256 1996 Quod
1278 1933 1444 1984 tonat
1469 1921 1833 1990 Ambrosius,
1864 1919 2262 2000 Hieronymus
2287 1930 2466 1998 utque
2489 1929 2768 1988 coruscet,

1157 2017 1297 2078 Sive
1325 2017 1697 2097 Augustinus
1721 2016 1886 2076 fonte
1910 2014 2133 2074 fluente
2156 2014 2332 2092 rigat,

650 2165 655 2168 .
1078 2109 1359 2172 Sedulius
1386 2111 1594 2180 dulcis,
1618 2109 1775 2191 quod
1802 2107 2047 2170 Orosiu-
2070 2106 2197 2168 edit
2221 2115 2450 2168 acutus.

480 2246 583 2320 Et
615 2247 705 2318 de
737 2242 913 2318 Vita
948 2241 1023 2313 S.
1060 2239 1363 2315 Martini
1396 2244 1474 2314 in
1506 2241 1901 2334 principio:

1079 2414 1240 2474 Hinc
1264 2434 1491 2495 quoque
1517 2414 1811 2494 conspicui
1834 2411 2085 2472 radiavit
2108 2413 2314 2492 ling-us
2339 2411 2561 2472 Seduli.

582 2576 869 2658 Omnia,
935 2576 1465 2667 quantumlibet
1534 2575 1917 2668 praeclara,
1986 2573 2304 2644 encomia
2365 2581 2658 2664 superat
2715 2571 2979 2644 Gelssii
3041 2593 3264 2664 papae

474 2692 829 2787 judicium
860 2689 940 2760 in
956 2687 1278 2762 Deci-eto
1310 2689 1639 2762 Gratiani
1672 2690 1989 2760 distinct.
2026 2705 2167 2764 xv·
2205 2709 2359 2779 cap.
2396 2705 2523 2757 111.
2569 2696 2614 2730 ‘⁶
2645 2683 3092 2760 Venerabilis
3125 2688 3265 2758 viri

480 2805 755 2878 Sedulii
790 2803 1131 2876 Paschale
1164 2826 1369 2896 opus,
1412 2804 1606 2898 quod
1658 2802 1958 2874 heroicis
2008 2801 2293 2894 scripsit
2338 2800 2684 2885 versibus,
2734 2801 3004 2896 insigni
3056 2801 3266 2873 laude

484 2918 975 3013 proferimus.”
1060 2915 1201 2990 Est
1226 2929 1301 2991 et
1320 2929 1516 2992 tomo
1536 2934 1615 2989 V.
1638 2917 1985 3018 Biblioth.
2013 2915 2139 2988 SS.
2166 2915 2470 2990 Petrum
2495 2913 2770 2989 Liberii
2793 2923 3042 3009 poetae
3068 2937 3262 2988 acro-

480 3035 832 3108 stichum:

1048 3241 1089 3302 S
1150 3241 1383 3302 edulius
1416 3239 1659 3301 Domini
1682 3259 1790 3320 per
1815 3237 1973 3300 culta
2000 3237 2228 3298 novalis
2251 3255 2468 3318 pergen

1047 3335 1100 3394 E
1150 3357 1191 3395 n
1219 3334 1341 3395 locs
1364 3335 1661 3416 conspexit
1687 3332 1873 3394 multo
1897 3331 2181 3393 radiantia
2209 3333 2313 3393 flor

1042 3429 1105 3488 D
1153 3431 1387 3490 iscurrit
1410 3449 1515 3510 per
1538 3439 1707 3509 pratu
1728 3427 1935 3499 libens,
1962 3448 2078 3508 quo
2100 3429 2363 3507 gramine
2390 3427 2544 3488 Davi

1052 3525 1111 3582 V
1147 3523 1262 3584 idit
1286 3523 1485 3584 divino
1504 3523 1903 3584 modulantem
1926 3523 2181 3584 esi-mins
2206 3533 2342 3583 csnt

1044 3619 1099 3680 L
1156 3618 1368 3680 andsto
1390 3617 1678 3698 psallente
1703 3618 1828 3678 viro
1850 3617 2048 3680 refluit
2070 3617 2324 3676 citharae
2349 3635 2444 3677 me

1052 3713 1083 3772 1
1157 3713 1239 3773 lle
1263 3713 1365 3773 ubi
1390 3712 1723 3793 grandisoni
1748 3723 1952 3792 captus
1978 3710 2286 3772 dulcedine
2313 3709 2498 3790 plecti·

1046 3807 1105 3868 U
1153 3808 1321 3879 titur,
1348 3815 1411 3867 et
1444 3806 1617 3867 celeri
1641 3805 1905 3885 graditur
1930 3825 2034 3886 per
2058 3804 2183 3865 lilia
2207 3824 2338 3884 pass

1044 3901 1087 3961 S
1153 3911 1485 3980 aeratasque
1511 3901 1725 3960 iterum
1751 3899 1870 3961 iste
1894 3899 2188 3980 prospexit
2216 3917 2453 3958 amoeno

1046 3995 1109 4056 A
1156 4005 1358 4056 eterne
1384 3995 1603 4056 Christi
1628 3993 1832 4054 fluvios
1856 4013 1998 4073 quos
2023 3992 2209 4052 abluit
2233 3991 2358 4052 und

1044 4089 1110 4150 N
1150 4109 1217 4152 ec
1240 4109 1443 4170 passus
1466 4099 1696 4169 torpere
1720 4088 1823 4150 diu
1850 4087 2097 4148 doctoris
2120 4107 2325 4150 scume

1045 4185 1099 4244 T
1154 4205 1272 4246 unc
1296 4204 1402 4246 sus
1424 4183 1709 4245 Davidico
1732 4182 1963 4246 delectu
1988 4181 2212 4264 plectra
2233 4181 2462 4262 poposci

1048 4278 1079 4337 1
1162 4279 1309 4339 rrits
1334 4277 1543 4359 polluti
1569 4279 1917 4358 contempsit
1940 4277 2181 4336 numina
2205 4275 2392 4336 mund

1046 4372 1089 4432 S
1164 4373 1300 4453 igne
1326 4373 1511 4433 crucis
1536 4373 1713 4432 fronti
1739 4373 1923 4452 ponit,
1948 4371 2316 4450 breviterque
2340 4369 2636 4450 triumpho

1046 4465 1103 4526 Τ
1162 4467 1345 4548 angit,
1372 4467 1622 4536 Christe,
1648 4476 1802 4538 tuos,
1828 4483 2244 4546 numerosaque
2268 4465 2487 4545 praelis
2509 4464 2628 4526 libs

1043 4561 1095 4620 E
1155 4559 2442 4642 rgohisdumvsriodecoratsusrurscolor

1042 4655 1087 4716 S
1154 4657 1365 4718 tabunt
1389 4656 1453 4716 hi
1477 4653 1679 4736 gracili
1703 4654 1869 4716 ducti
1891 4653 2186 4716 testudine
2213 4672 2385 4714 versu

2679 3238 2762 4712 wmammflzst—flaemm
