4384 5817
1065 583 1194 652 190

1835 581 2309 650 HISTORIA
2354 581 3127 654 ECCLESIASTICA'

1686 818 2209 894 GEORGIUS
2258 819 2986 896 CRICHTONIUS.
3087 827 3260 897 343.

1071 1002 1499 1078 GEonGms
1532 1003 2016 1087 erichtonius,
2051 1025 2180 1075 seu
2216 1002 2643 1088 Crittonius,
2676 1006 2921 1077 eadem
2954 1014 3192 1100 gente,
3226 1007 3355 1078 sed
3390 1029 3537 1080 nou
3570 1009 3864 1094 familia,

1067 1129 1282 1192 natus
1307 1117 1744 1215 Edimburgi
1769 1119 2092 1190 honestis
2125 1119 2567 1211 parentibus,
2600 1118 2921 1191 Parisios
2947 1121 3168 1204 venit,
3196 1143 3574 1196 commune
3598 1127 3863 1197 scilicet

1065 1236 1441 1308 literarum
1485 1236 1911 1328 emporium,
1956 1235 2332 1328 coepitque
2374 1234 2833 1306 humaniores
2878 1235 3125 1308 literas
3168 1237 3491 1330 profiteri
3531 1241 3613 1310 in
3644 1239 3862 1313 Beco-

1065 1351 1304 1434 diano,
1339 1349 1676 1423 Galandii
1711 1350 2076 1443 auspiciis,
2113 1371 2306 1421 auno
2341 1367 2831 1421 MDLxxxnr.
2882 1353 3386 1424 amoenissimo
3434 1356 3561 1426 sed
3604 1377 3862 1448 parum

1063 1467 1418 1540 laborioso
1448 1467 1763 1562 iugenio,
1801 1489 2066 1562 magna
2097 1467 2178 1538 in
2208 1475 2517 1558 utraque
2540 1465 2793 1560 lingua
2815 1465 3171 1552 facundia,
3198 1467 3426 1540 bonus
3450 1491 3687 1561 prosa,
3716 1493 3859 1542 me-

1063 1585 1204 1654 lior
1255 1602 1518 1668 versu3
1577 1582 1942 1675 professor
1998 1583 2243 1678 regius
2306 1579 2739 1652 Graecarum
2792 1582 2873 1652 in
2919 1583 3165 1654 eadem
3218 1585 3581 1657 academia
3626 1585 3861 1658 litera-

1063 1719 1251 1782 rum,
1294 1699 1492 1794 genti
1537 1683 1869 1794 gloriam,
1919 1696 2058 1770 sibi
2109 1697 2401 1769 divitias
2450 1695 2751 1788 peperit.
2852 1693 3047 1791 Ejus
3096 1708 3269 1771 sunt
3318 1720 3536 1792 opera
3582 1699 3859 1774 infinita

1063 1812 1276 1886 edita.
1375 1810 1546 1910 Ego
1574 1835 1806 1906 pauca
1836 1813 2225 1885 admodum
2258 1812 2431 1894 vidi,
2464 1832 2649 1903 quae
2681 1810 3082 1906 subjiciam.

1357 1927 1618 2001 Castra
1649 1927 2059 2002 Becodiana
3095 1930 3220 2003 lib.
3260 1950 3311 2003 1.

1355 2041 1599 2117 Sortes
1635 2043 2064 2118 Homericae
3088 2045 3213 2118 lib.
3252 2065 3308 2120 1.
3345 2045 3563 2121 Actio
3594 2058 3858 2121 extem-

1454 2162 1722 2253 poralis
1755 2163 1838 2232 in
1879 2168 2140 2233 senatu
2185 2160 2456 2246 habita,
2508 2169 2937 2255 argumento
2981 2161 3074 2232 ab
3121 2161 3425 2234 Homeri
3471 2165 3627 2236 loco
3669 2174 3856 2238 sorte

1451 2285 1703 2369 aperto
1745 2278 2150 2370 desumpto,
2202 2299 2349 2369 qua
2396 2275 2662 2346 ducum
2709 2274 3265 2349 Homericorum
3310 2279 3620 2351 virtutes
3660 2303 3856 2352 sena-

1454 2393 1732 2465 toribus
1777 2393 2278 2485 praesentibus
2318 2393 2507 2462 mira
2549 2391 2957 2482 eloquentia
3004 2415 3088 2463 ac
3134 2392 3479 2466 felicitate
3526 2395 3851 2487 applicat,

1451 2532 1598 2603 qua
1651 2509 1868 2580 etiam
1922 2509 2445 2601 competitores,
2496 2515 2571 2578 et
2626 2506 2705 2576 in
2762 2506 2877 2578 his
2940 2506 3364 2580 Parentium
3420 2509 3853 2595 Parisinum,

1448 2624 1730 2696 ambitu
1758 2623 2041 2718 dejecit.

1357 2740 1760 2814 Catbedrae
1799 2739 2331 2812 Cameracensis
2376 2737 2709 2824 Querela,
2760 2739 2851 2810 de
2890 2749 3231 2835 corrupta
3273 2741 3675 2816 academiae
3717 2742 3853 2814 dis-

1451 2858 1734 2950 ciplina,
1759 2866 1833 2929 et
1850 2856 2303 2950 publicorum
2324 2853 2809 2947 professorum
2830 2857 3133 2942 vilitate,
3146 2855 3271 2929 lib.
3311 2876 3363 2930 1.

1352 2972 1870 3047 Genethliacon
1900 2970 2250 3063 Delphini
3144 2972 3268 3043 lib.
3308 2991 3363 3043 1.

1354 3088 1816 3162 Emblemata
1845 3087 2036 3159 Duci
2071 3085 2327 3157 Suillio
3142 3088 3270 3161 lib.
3308 3107 3361 3158 1.

1321 3203 1736 3278 'Orationes
1769 3226 1903 3296 pro
1935 3203 2299 3274 reddendo
2332 3209 2503 3276 voto
3144 3205 3269 3276 lib.
3310 3223 3363 3276 1.

1351 3321 1570 3394 Actio
1600 3320 1906 3393 forensis
1941 3341 2105 3389 cum
2141 3317 2502 3401 Richerio,
2536 3317 2663 3410 qui
2696 3319 2779 3390 in
2803 3321 3010 3390 illum
3042 3319 3354 3412 scripsit,
3389 3321 3513 3392 lib.
3554 3340 3609 3392 1.

1348 3436 1768 3533 Augurium
1826 3433 2102 3505 Galliae
2158 3433 2505 3517 faustum,
2564 3435 2739 3506 dum
2806 3457 2898 3506 ex
2962 3437 3541 3532 peregrinatione
3610 3437 3849 3509 votiva

1409 3554 1415 3562 ’
1451 3552 1784 3624 Romana
1814 3550 2051 3634 rediit,
3140 3551 3266 3622 lib.
3304 3569 3358 3623 1.

1353 3667 1843 3740 Praefationes
1905 3665 1984 3736 in
2035 3687 2282 3737 omnes
2334 3685 2517 3756 pene
2576 3665 2837 3758 probos
2887 3666 3244 3740 Auctores
3294 3666 3603 3741 Graecos
3654 3667 3849 3741 Lati-

1443 3806 1718 3877 nosque
3140 3783 3265 3856 lib.
3305 3803 3361 3856 1.

1340 3900 1686 3972 Poemata
1715 3901 2032 3993 plurima
3138 3901 3263 3972 lib.
3302 3917 3357 3972 1.

1151 4018 1470 4091 Uxorem
1505 4017 1815 4088 duxerat
1847 4015 2117 4088 Adami
2163 4015 2597 4090 Blacvodaei
2643 4016 3029 4108 municipis
3081 4015 3557 4088 Pictaviensis
3608 4015 3849 4099 filiam,

1046 4157 1132 4205 ex
1167 4157 1314 4227 qua
1349 4133 1552 4204 nulla
1582 4135 1781 4224 prole
1813 4141 2166 4226 suscepta,
2205 4133 2385 4206 obiit
2416 4156 2607 4206 anno
2646 4149 2950 4206 MDch
3001 4131 3119 4204 die
3166 4149 3349 4203 v111.
3391 4129 3694 4225 Aprilis,
3745 4153 3851 4202 se·

1045 4252 1294 4342 pultus
1331 4250 1420 4320 ad
1455 4247 1990 4322 Dominicanos.

1639 4475 2242 4552 GULIELMUS
2292 4477 2979 4552 CRICHTONUS.
3084 4481 3253 4550 344.

1042 4717 1548 4788 GULIELMUS
1636 4711 2092 4796 Crichtonus,
2179 4710 2555 4786 Societatis
2639 4711 2689 4782 J
2690 4735 2819 4784 esu
2898 4711 3278 4807 presbyter
3360 4711 3686 4786 eruditus
3775 4722 3847 4782 et

1039 4833 1226 4925 piuS,
1322 4829 1853 4926 quinquaginta
1949 4828 2160 4902 annis
2254 4830 2585 4926 religiose
2676 4827 2757 4900 in
2846 4830 3093 4902 eadem
3188 4828 3523 4901 societate
3612 4838 3845 4901 trans-
